
@unpublished{massot_humanites_2021,
	title = {Les humanités numériques en renouvellement. Panorama sur la transformation des métiers en sciences humaines et sociales},
	url = {https://hal.science/hal-03357882},
	abstract = {Cet article présente une étude sur les humanités numériques francophones. Il s'appuie sur l'expérience de deux ingénieures du Centre national de la recherche scientifique ({CNRS}) qui étudient ces questions depuis dix ans. Elles ont mené une enquête à l'École Normale Supérieure ({ENS}-Paris) qui leur a permis de dresser un panorama de la transformation du métier d'ingénieur en sciences humaines et sociales dans le contexte des humanités numériques. L'initiative Digit\_Hum, qu'elles coordonnent en parallèle de leurs activités respectives à l'{ENS}, a également alimenté ce panorama grâce à son rôle d'espace de discussion sur les humanités numériques ainsi que de formation et de structuration de ce domaine à l'{ENS} et à l'Université Paris Sciences \& Lettres ({PSL}).},
	author = {Massot, Marie-Laure and Tricoche, Agnès},
	urldate = {2024-06-19},
	date = {2021-09},
	keywords = {dialogue},
	file = {HAL PDF Full Text:C\:\\Users\\Pauline\\Zotero\\storage\\7VZC3WFF\\Massot et Tricoche - 2021 - Les humanités numériques en renouvellement. Panorama sur la transformation des métiers en sciences h.pdf:application/pdf},
}

@unpublished{massot_dessiner_2018,
	title = {Dessiner les acteurs en humanités numériques},
	url = {https://hal.science/hal-01794185},
	abstract = {Le  numérique, environnement  technologique  des  ordinateurs  et  du  réseau,  a transformé  les  méthodes  de  travail  et  la  publication  des  résultats  scientifiques  dans  le domaine  des  sciences  humaines  et  sociales  ({SHS}).  Dans  ce  contexte,  le  rôle  de l’ingénieur(e)   {SHS} est en pleine mutation, à la charnière des humanités et du numérique, voire du design. En pleine transformation des savoirs et des métiers, les profils de soutien à la recherche sont en effet brouillés, ont perdu leurs frontières disciplinaires et cherchent à se redéfinir, à se réinventer. Quels sont les acteurs impliqués dans  des projets relevant du champ de humanités numériques ? Quel est le rôle de l’ingénieur {SHS} dans ce paysage en devenir ?  Quelles compétences doit-il acquérir pour faire face au défi du numérique ? Quel pourrait être le profil type d’un ingénieur en « Humanités  numériques » ? Quelques pistes  de  réflexion  issues  du  travail  effectué  dans  le  cadre  de  l’Atelier  Digit\_Hum «  Humanités  numériques  et  valorisation  de  corpus  »,  axe  transversal  du  {CAPHÉS}  qui   soutient  scientifiquement et techniquement des projets d’éditions numériques portés par des équipes de l’École normale supérieure et organise des journées annuelles d’étude sur les humanités numériques en collaboration avec le labex {TransferS}. Parcours illustré par l'artiste Saint-Oma qui dessine les acteurs de ce nouveau type de projets interdisciplinaires.},
	author = {Massot, Marie-Laure},
	urldate = {2024-08-02},
	date = {2018-06},
	keywords = {dialogue},
	file = {HAL PDF Full Text:C\:\\Users\\Pauline\\Zotero\\storage\\WVYE99IN\\Massot - 2018 - Dessiner les acteurs en humanités numériques.pdf:application/pdf},
}

@article{pelissier_accompagner_2017,
	title = {Accompagner le chercheur en {SHS} à l’ère des humanités numériques. Des outils pour le développement d’une activité cognitive augmentée},
	volume = {13},
	issn = {1622-1494},
	url = {https://shs.cairn.info/revue-les-cahiers-du-numerique-2017-3-page-167?lang=fr&tab=resume},
	pages = {167--194},
	number = {3},
	journaltitle = {Les Cahiers du numérique},
	author = {Pélissier, Chrysta},
	urldate = {2024-05-15},
	date = {2017},
	langid = {french},
	note = {Publisher: {JLE} Editions},
	keywords = {dialogue},
	file = {Full Text PDF:C\:\\Users\\Pauline\\Zotero\\storage\\WWQSX6KJ\\Pélissier - 2017 - Accompagner le chercheur en SHS à l’ère des humanités numériques. Des outils pour le développement d.pdf:application/pdf},
}

@article{truica_forgotten_2021,
	title = {The Forgotten Document-Oriented Database Management Systems: An Overview and Benchmark of Native {XML} {DODBMSes} in Comparison with {JSON} {DODBMSes}},
	volume = {25},
	url = {https://hal.science/hal-03112539},
	doi = {10.1016/j.bdr.2021.100205},
	shorttitle = {The Forgotten Document-Oriented Database Management Systems},
	abstract = {In the current context of Big Data, a multitude of new {NoSQL} solutions for storing, managing, and extracting information and patterns from semi-structured data have been proposed and implemented. These solutions were developed to relieve the issue of rigid data structures present in relational databases, by introducing semi-structured and flexible schema design.

As current data generated by different sources and devices, especially from {IoT} sensors and actuators, use either {XML} or {JSON} format, depending on the application, database technologies that store and query semi-structured data in {XML} format are needed. Thus, Native {XML} Databases, which were initially designed to manipulate {XML} data using standardized querying languages, i.e., {XQuery} and {XPath}, were rebranded as {NoSQL} Document-Oriented Databases Systems.

Currently, the majority of these solutions have been replaced with the more modern {JSON} based Database Management Systems. However, we believe that {XML}-based solutions can still deliver performance in executing complex queries on heterogeneous collections.

Unfortunately nowadays, research lacks a clear comparison of the scalability and performance for database technologies that store and query documents in {XML} versus the more modern {JSON} format. Moreover, to the best of our knowledge, there are no Big Data-compliant benchmarks for such database technologies.

In this paper, we present a comparison for selected Document-Oriented Database Systems that either use the {XML} format to encode documents, i.e., {BaseX}, {eXist}-db, and Sedna, or the {JSON} format, i.e. {MongoDB}, {CouchDB}, and Couchbase. To underline the performance differences we also propose a benchmark that uses a heterogeneous complex schema on a large {DBLP} corpus.},
	pages = {100205},
	journaltitle = {Big Data Research},
	author = {Truică, Ciprian-Octavian and Apostol, Elena and Darmont, Jérôme and Pedersen, Torben Bach},
	urldate = {2024-05-05},
	date = {2021-07},
	note = {Publisher: Elsevier},
	keywords = {divers},
	file = {HAL PDF Full Text:C\:\\Users\\Pauline\\Zotero\\storage\\P93MH8GZ\\Truică et al. - 2021 - The Forgotten Document-Oriented Database Management Systems An Overview and Benchmark of Native XML.pdf:application/pdf},
}

@online{clavert_gout_2017,
	title = {Le goût de l’{API} {\textbar} Le goût de l'archive à l'ère numérique},
	url = {https://gout-numerique.net/table-of-contents/archives-nees-numeriques/gout-api},
	abstract = {Ce texte est en cours d'écriture. Dernière mise à jour majeure: 13 juillet 2018. La multiplication de sites ou plateformes web de plus en plus complexes collectant des données sur leurs utilisateurs, la place déterminante…},
	author = {Clavert, Frédéric},
	urldate = {2024-06-20},
	date = {2017-10-20},
	langid = {french},
	keywords = {divers},
	file = {Snapshot:C\:\\Users\\Pauline\\Zotero\\storage\\NIEBIEFT\\gout-api.html:text/html},
}

@article{lorenceau_ponctuation_1980,
	title = {La ponctuation au {XIXe} siècle},
	volume = {45},
	rights = {free},
	url = {https://www.persee.fr/doc/lfr_0023-8368_1980_num_45_1_5263},
	doi = {10.3406/lfr.1980.5263},
	pages = {50--59},
	number = {1},
	journaltitle = {Langue française},
	author = {Lorenceau, Annette},
	urldate = {2024-07-01},
	date = {1980},
	note = {Company: Persée - Portail des revues scientifiques en {SHS}
Distributor: Persée - Portail des revues scientifiques en {SHS}
Institution: Persée - Portail des revues scientifiques en {SHS}
Label: Persée - Portail des revues scientifiques en {SHS}
Publisher: Armand Colin},
	keywords = {divers},
}

@article{willemez_etienne_2021,
	title = {Étienne Anheim, Le travail de l’histoire},
	volume = {63},
	rights = {https://creativecommons.org/licenses/by-nc-nd/4.0/},
	issn = {0038-0296},
	url = {https://journals.openedition.org/sdt/38023},
	doi = {10.4000/sdt.38023},
	abstract = {Dans cet ouvrage, Étienne Anheim, historien médiéviste, directeur d’études à l’{EHESS}, actuellement directeur scientifique des Éditions de l’{EHESS}, revient sur l’ensemble des enjeux politiques du métier d’enseignant-chercheur, en histoire ou dans toute autre discipline, en en montrant les contradictions, les hiatus mais aussi les opportunités. C’est donc peu dire que l’ouvrage ne s’encombre pas d’intellectualisme ou même d’un penchant scolastique et qu’il en revient, sans cesse, à la vérité qu...},
	number = {1},
	journaltitle = {Sociologie du travail},
	author = {Willemez, Laurent},
	urldate = {2024-07-15},
	date = {2021-03-01},
	langid = {french},
	note = {Number: 1
Publisher: Association pour le développement de la sociologie du travail},
	keywords = {divers},
}

@article{bendjaballah_sciences_2023,
	title = {Les sciences sociales à l’épreuve de l’ouverture des données de la recherche},
	volume = {43},
	issn = {1627-9506},
	url = {https://shs.cairn.info/revue-terrains-et-travaux-2023-2-page-211?lang=fr&tab=texte-integral},
	doi = {10.3917/tt.043.0211},
	pages = {211--216},
	number = {2},
	journaltitle = {Terrains \& travaux},
	author = {Bendjaballah, Selma and Garcia, Guillaume},
	urldate = {2024-07-30},
	date = {2023},
	langid = {french},
	note = {Publisher: {ENS} Paris-Saclay},
	keywords = {divers},
	file = {Full Text PDF:C\:\\Users\\Pauline\\Zotero\\storage\\9PUMNDJQ\\Bendjaballah et Garcia - 2023 - Les sciences sociales à l’épreuve de l’ouverture des données de la recherche.pdf:application/pdf},
}

@article{cahier_comment_2022,
	title = {Comment les usages du no code impactent le travail},
	url = {https://www.cerna.minesparis.psl.eu/Donnees/data19/1920-Repere4_FIT2-web.pdf},
	pages = {16},
	number = {4},
	journaltitle = {Repère Futurs du travail},
	author = {Cahier, Marie-Laure and Canivenc, Suzy},
	urldate = {2024-07-17},
	date = {2022-02},
	keywords = {divers},
}

@online{santhosh_understanding_2023,
	title = {Understanding {BLEU} and {ROUGE} score for {NLP} evaluation},
	url = {https://medium.com/@sthanikamsanthosh1994/understanding-bleu-and-rouge-score-for-nlp-evaluation-1ab334ecadcb},
	abstract = {As natural language processing ({NLP}) continues to advance, the need for evaluating {NLP} models becomes increasingly important.},
	titleaddon = {Medium},
	author = {Santhosh, Sthanikam},
	urldate = {2024-07-20},
	date = {2023-04-16},
	langid = {english},
	keywords = {ia},
	file = {Snapshot:C\:\\Users\\Pauline\\Zotero\\storage\\HW9YAV4Q\\understanding-bleu-and-rouge-score-for-nlp-evaluation-1ab334ecadcb.html:text/html},
}

@online{noauthor_prompt_nodate,
	title = {Prompt engineering: six strategies for getting better results},
	url = {https://platform.openai.com},
	abstract = {Explore developer resources, tutorials, {API} docs, and dynamic examples to get the most out of {OpenAI}'s platform.},
	titleaddon = {{OpenAI} Platform},
	urldate = {2024-07-23},
	langid = {english},
	keywords = {ia},
	file = {Snapshot:C\:\\Users\\Pauline\\Zotero\\storage\\YWBAK666\\prompt-engineering.html:text/html},
}

@online{ramlochan_complete_2024,
	title = {Complete Guide to Prompt Engineering with Temperature and Top-p},
	url = {https://promptengineering.org/prompt-engineering-with-temperature-and-top-p/},
	abstract = {This is {THE} definitive guide on using Temperature and Top-p with modern {LLMs}.},
	titleaddon = {Prompt Engineering},
	author = {Ramlochan, Sunil},
	urldate = {2024-07-15},
	date = {2024-08-26},
	langid = {english},
	keywords = {ia},
	file = {Snapshot:C\:\\Users\\Pauline\\Zotero\\storage\\6IGMLQR7\\prompt-engineering-with-temperature-and-top-p.html:text/html},
}

@inproceedings{jordan_need_2024,
	location = {Portland {OR} {USA}},
	title = {Need a Programming Exercise Generated in Your Native Language? {ChatGPT}'s Got Your Back: Automatic Generation of Non-English Programming Exercises Using {OpenAI} {GPT}-3.5},
	isbn = {9798400704239},
	url = {https://dl.acm.org/doi/10.1145/3626252.3630897},
	doi = {10.1145/3626252.3630897},
	shorttitle = {Need a Programming Exercise Generated in Your Native Language?},
	abstract = {Large language models ({LLMs}) like {ChatGPT} are changing computing education and may create additional barriers to those already faced by non-native English speakers ({NNES}) learning computing. We investigate an opportunity for a positive impact of {LLMs} on {NNES} through multilingual programming exercise generation. Following previous work with {LLM} exercise generation in English, we prompt {OpenAI} {GPT}-3.5 in 4 natural languages (English, Tamil, Spanish, and Vietnamese) to create introductory programming problems, sample solutions, and test cases. We evaluate these problems on their sensibility, readability, translation, sample solution accuracy, topicality, and cultural relevance. We find that problems generated in English, Spanish, and Vietnamese are largely sensible, easily understood, and accurate in their sample solutions. However, Tamil problems are mostly non-sensible and have a much lower passing test rate, indicating that the abilities of {LLMs} for problem generation are not generalizable across languages. Our analysis suggests that these problems could not be given verbatim to students, but with minimal effort, most errors can be fixed. We further discuss the benefits of these problems despite their flaws, and their opportunities to provide personalized and culturally relevant resources for students in their native languages.},
	eventtitle = {{SIGCSE} 2024: The 55th {ACM} Technical Symposium on Computer Science Education},
	pages = {618--624},
	booktitle = {Proceedings of the 55th {ACM} Technical Symposium on Computer Science Education V. 1},
	publisher = {{ACM}},
	author = {Jordan, Mollie and Ly, Kevin and Soosai Raj, Adalbert Gerald},
	urldate = {2024-07-22},
	date = {2024-03-07},
	langid = {english},
	keywords = {ia},
	file = {PDF:C\:\\Users\\Pauline\\Zotero\\storage\\UTF8DLTU\\Jordan et al. - 2024 - Need a Programming Exercise Generated in Your Native Language ChatGPT's Got Your Back Automatic Ge.pdf:application/pdf},
}

@online{reddy_controlling_2024,
	title = {Controlling Creativity: How to Get Reproducible Outcomes from {LLMs}},
	url = {https://medium.com/@prabhavithreddy/controlling-creativity-how-to-get-reproducible-outcomes-from-llms-016ec0991891},
	shorttitle = {Controlling Creativity},
	abstract = {Why am I getting different results for the same prompt with same model?},
	titleaddon = {Medium},
	author = {Reddy, Prabhavith},
	urldate = {2024-07-20},
	date = {2024-04-27},
	langid = {english},
	keywords = {ia},
	file = {Snapshot:C\:\\Users\\Pauline\\Zotero\\storage\\4QGRLCII\\controlling-creativity-how-to-get-reproducible-outcomes-from-llms-016ec0991891.html:text/html},
}

@misc{mikolov_efficient_2013,
	title = {Efficient Estimation of Word Representations in Vector Space},
	url = {http://arxiv.org/abs/1301.3781},
	doi = {10.48550/arXiv.1301.3781},
	abstract = {We propose two novel model architectures for computing continuous vector representations of words from very large data sets. The quality of these representations is measured in a word similarity task, and the results are compared to the previously best performing techniques based on different types of neural networks. We observe large improvements in accuracy at much lower computational cost, i.e. it takes less than a day to learn high quality word vectors from a 1.6 billion words data set. Furthermore, we show that these vectors provide state-of-the-art performance on our test set for measuring syntactic and semantic word similarities.},
	number = {{arXiv}:1301.3781},
	publisher = {{arXiv}},
	author = {Mikolov, Tomas and Chen, Kai and Corrado, Greg and Dean, Jeffrey},
	urldate = {2024-08-01},
	date = {2013-09-06},
	eprinttype = {arxiv},
	eprint = {1301.3781 [cs]},
	keywords = {ia},
	file = {arXiv Fulltext PDF:C\:\\Users\\Pauline\\Zotero\\storage\\Y5TIUJLV\\Mikolov et al. - 2013 - Efficient Estimation of Word Representations in Vector Space.pdf:application/pdf;arXiv.org Snapshot:C\:\\Users\\Pauline\\Zotero\\storage\\DKII5ITP\\1301.html:text/html},
}

@misc{sutskever_sequence_2014,
	title = {Sequence to Sequence Learning with Neural Networks},
	url = {http://arxiv.org/abs/1409.3215},
	abstract = {Deep Neural Networks ({DNNs}) are powerful models that have achieved excellent performance on difﬁcult learning tasks. Although {DNNs} work well whenever large labeled training sets are available, they cannot be used to map sequences to sequences. In this paper, we present a general end-to-end approach to sequence learning that makes minimal assumptions on the sequence structure. Our method uses a multilayered Long Short-Term Memory ({LSTM}) to map the input sequence to a vector of a ﬁxed dimensionality, and then another deep {LSTM} to decode the target sequence from the vector. Our main result is that on an English to French translation task from the {WMT}’14 dataset, the translations produced by the {LSTM} achieve a {BLEU} score of 34.8 on the entire test set, where the {LSTM}’s {BLEU} score was penalized on out-of-vocabulary words. Additionally, the {LSTM} did not have difﬁculty on long sentences. For comparison, a phrase-based {SMT} system achieves a {BLEU} score of 33.3 on the same dataset. When we used the {LSTM} to rerank the 1000 hypotheses produced by the aforementioned {SMT} system, its {BLEU} score increases to 36.5, which is close to the previous best result on this task. The {LSTM} also learned sensible phrase and sentence representations that are sensitive to word order and are relatively invariant to the active and the passive voice. Finally, we found that reversing the order of the words in all source sentences (but not target sentences) improved the {LSTM}’s performance markedly, because doing so introduced many short term dependencies between the source and the target sentence which made the optimization problem easier.},
	number = {{arXiv}:1409.3215},
	publisher = {{arXiv}},
	author = {Sutskever, Ilya and Vinyals, Oriol and Le, Quoc V.},
	urldate = {2024-07-31},
	date = {2014-12-14},
	langid = {english},
	eprinttype = {arxiv},
	eprint = {1409.3215 [cs]},
	keywords = {ia},
	file = {PDF:C\:\\Users\\Pauline\\Zotero\\storage\\JKCBK4JK\\Sutskever et al. - 2014 - Sequence to Sequence Learning with Neural Networks.pdf:application/pdf},
}

@misc{vaswani_attention_2023,
	title = {Attention Is All You Need},
	url = {http://arxiv.org/abs/1706.03762},
	doi = {10.48550/arXiv.1706.03762},
	abstract = {The dominant sequence transduction models are based on complex recurrent or convolutional neural networks in an encoder-decoder configuration. The best performing models also connect the encoder and decoder through an attention mechanism. We propose a new simple network architecture, the Transformer, based solely on attention mechanisms, dispensing with recurrence and convolutions entirely. Experiments on two machine translation tasks show these models to be superior in quality while being more parallelizable and requiring significantly less time to train. Our model achieves 28.4 {BLEU} on the {WMT} 2014 English-to-German translation task, improving over the existing best results, including ensembles by over 2 {BLEU}. On the {WMT} 2014 English-to-French translation task, our model establishes a new single-model state-of-the-art {BLEU} score of 41.8 after training for 3.5 days on eight {GPUs}, a small fraction of the training costs of the best models from the literature. We show that the Transformer generalizes well to other tasks by applying it successfully to English constituency parsing both with large and limited training data.},
	number = {{arXiv}:1706.03762},
	publisher = {{arXiv}},
	author = {Vaswani, Ashish and Shazeer, Noam and Parmar, Niki and Uszkoreit, Jakob and Jones, Llion and Gomez, Aidan N. and Kaiser, Lukasz and Polosukhin, Illia},
	urldate = {2024-07-01},
	date = {2023-08-01},
	eprinttype = {arxiv},
	eprint = {1706.03762 [cs]},
	keywords = {ia},
	file = {arXiv Fulltext PDF:C\:\\Users\\Pauline\\Zotero\\storage\\YZ5S2FG9\\Vaswani et al. - 2023 - Attention Is All You Need.pdf:application/pdf;arXiv.org Snapshot:C\:\\Users\\Pauline\\Zotero\\storage\\678P6ERZ\\1706.html:text/html},
}

@inproceedings{baranes_vers_2012,
	title = {Vers la correction automatique de textes bruités: Architecture générale et détermination de la langue d'un mot inconnu},
	url = {https://inria.hal.science/hal-00701400},
	shorttitle = {Vers la correction automatique de textes bruités},
	abstract = {Dans ce papier, nous introduisons le problème que pose la correction orthographique sur des corpus de qualité très dégradée tels que les messages publiés sur les forums, les sites d'avis ou les réseaux sociaux. Nous proposons une première architecture de correction qui a pour objectif d'éviter au maximum la sur-correction. Nous présentons, par ailleurs l'implémentation et les résultats d'un des modules de ce système qui a pour but de détecter si un mot inconnu, dans une phrase de langue connue, est un mot qui appartient à cette langue ou non.},
	eventtitle = {{RECITAL}'2012 - Rencontre des Étudiants Chercheurs en Informatique pour le Traitement Automatique des Langues},
	pages = {95},
	author = {Baranes, Marion},
	urldate = {2024-07-02},
	date = {2012-06-04},
	langid = {french},
	keywords = {ia},
	file = {Full Text PDF:C\:\\Users\\Pauline\\Zotero\\storage\\N88CUIIN\\Baranes - 2012 - Vers la correction automatique de textes bruités Architecture générale et détermination de la langu.pdf:application/pdf},
}

@article{mitton_fifty_2010,
	title = {Fifty years of spellchecking},
	volume = {2},
	issn = {1758-6801, 1758-681X},
	url = {http://www.tandfonline.com/doi/abs/10.1093/wsr/wsq004},
	doi = {10.1093/wsr/wsq004},
	pages = {1--7},
	number = {1},
	journaltitle = {Writing Systems Research},
	shortjournal = {Writing Systems Research},
	author = {Mitton, Roger},
	urldate = {2024-07-19},
	date = {2010-01},
	langid = {english},
	keywords = {ia},
	file = {PDF:C\:\\Users\\Pauline\\Zotero\\storage\\TACSVV64\\Mitton - 2010 - Fifty years of spellchecking.pdf:application/pdf},
}

@unpublished{puren_lecture_2020,
	location = {France},
	title = {La lecture distante : introduction et exemples d'application},
	url = {https://hal.science/hal-03152747},
	shorttitle = {La lecture distante},
	type = {Master},
	howpublished = {Master},
	author = {Puren, Marie},
	urldate = {2024-07-15},
	date = {2020-11},
	keywords = {ia},
	file = {HAL PDF Full Text:C\:\\Users\\Pauline\\Zotero\\storage\\6A4PV2TD\\Puren - 2020 - La lecture distante  introduction et exemples d'application.pdf:application/pdf},
}

@online{pincemin_quest-ce_2008,
	title = {Qu'est-ce que la textométrie ? Présentation},
	url = {https://pages.textometrie.org/textometrie/Introduction},
	titleaddon = {Site du projet Textométrie},
	author = {Pincemin, Bénédicte and Heiden, Serge},
	urldate = {2024-07-12},
	date = {2008},
	keywords = {ia},
}

@misc{chague_htr-united_2022,
	title = {{HTR}-United : un écosystème pour une approche mutualisée de la transcription automatique des écritures manuscrites},
	url = {https://inria.hal.science/hal-04124743},
	shorttitle = {{HTR}-United},
	abstract = {La reconnaissance des écritures manuscrites ({HTR} pour Handwritten Text Recognition) est un procédé informatique qui vise à obtenir un équivalent de texte numérique à partir de l'image d'un document physique comportant du texte manuscrit. S'appuyant sur Github, {HTR}-United invite la communauté des utilisateurs à décloisonner les données issues de différentes plateformes {HTR} afin de réduire leur coût de production. Cette solution propose un modèle opérationnel susceptible d'offrir un cadre pour la construction de data papers pour l'{HTR}, voire les prémices d'une standardisation pour ce genre de publication Mots-clés Reconnaissance des écritures manuscrites, reconnaissance optique de caractères, numérisation, mutualisation, Github, articles de données},
	author = {Chagué, Alix and Clérice, Thibault and Romary, Laurent},
	urldate = {2024-06-23},
	date = {2022},
	langid = {french},
	keywords = {ia},
	file = {Full Text PDF:C\:\\Users\\Pauline\\Zotero\\storage\\H3B5EYNA\\Chagué et al. - 2022 - HTR-United  un écosystème pour une approche mutualisée de la transcription automatique des écriture.pdf:application/pdf},
}

@article{arnold_distant_2019,
	title = {Distant viewing: analyzing large visual corpora},
	volume = {34},
	rights = {https://academic.oup.com/journals/pages/open\_access/funder\_policies/chorus/standard\_publication\_model},
	issn = {2055-7671, 2055-768X},
	url = {https://academic.oup.com/dsh/article/34/Supplement_1/i3/5694340},
	doi = {10.1093/llc/fqz013},
	shorttitle = {Distant viewing},
	abstract = {In this article we establish a methodological and theoretical framework for the study of large collections of visual materials. Our framework, distant viewing, is distinguished from other approaches by making explicit the interpretive nature of extracting semantic metadata from images. In other words, one must ‘view’ visual materials before studying them. We illustrate the need for the interpretive process of viewing by simultaneously drawing on theories of visual semiotics, photography, and computer vision. Two illustrative applications of the distant viewing framework to our own research are draw upon to explicate the potential and breadth of the approach. A study of television series shows how facial detection is used to compare the role of actors within the narrative arcs across two competing series. An analysis of the Farm Security Administration–Office of War Information corpus of documentary photography is used to establish how photographic style compared and differed amongst those photographers involved with the collection. We then aim to show how our framework engages with current methodological and theoretical conversations occurring within the digital humanities.},
	pages = {i3--i16},
	issue = {Supplement\_1},
	journaltitle = {Digital Scholarship in the Humanities},
	author = {Arnold, Taylor and Tilton, Lauren},
	urldate = {2024-07-25},
	date = {2019-12-01},
	langid = {english},
	keywords = {ia},
	file = {PDF:C\:\\Users\\Pauline\\Zotero\\storage\\NI28G2BC\\Arnold et Tilton - 2019 - Distant viewing analyzing large visual corpora.pdf:application/pdf},
}

@article{stork_how_2023,
	title = {How {AI} is expanding art history},
	volume = {623},
	rights = {https://www.springernature.com/gp/researchers/text-and-data-mining},
	issn = {0028-0836, 1476-4687},
	url = {https://www.nature.com/articles/d41586-023-03604-3},
	doi = {10.1038/d41586-023-03604-3},
	pages = {685--687},
	number = {7988},
	journaltitle = {Nature},
	shortjournal = {Nature},
	author = {Stork, David G.},
	urldate = {2024-07-01},
	date = {2023-11-23},
	langid = {english},
	keywords = {ia},
	file = {PDF:C\:\\Users\\Pauline\\Zotero\\storage\\MN786XVD\\Stork - 2023 - How AI is expanding art history.pdf:application/pdf},
}

@article{yvon_petite_2007,
	title = {Une petite introduction au Traitement Automatique des Langues Naturelles},
	url = {https://perso.limsi.fr/anne/coursM2R/intro.pdf},
	author = {Yvon, François},
	urldate = {2024-07-16},
	date = {2007},
	langid = {french},
	keywords = {ia},
	file = {PDF:C\:\\Users\\Pauline\\Zotero\\storage\\XYLXCU5P\\Yvon - Une petite introduction au Traitement Automatique des Langues Naturelles.pdf:application/pdf},
}

@online{ezratty_que_nodate,
	title = {Que devient l’{IA} symbolique ?},
	url = {https://www.oezratty.net/wordpress/2018/que-devient-ia-symbolique/},
	abstract = {L’Histoire scientifique de l’intelligence artificielle recèle une rivalité très ancienne entre ses deux principaux courants, celui des symbolistes et des connexionnistes. Elle perdure encore au...},
	titleaddon = {Opinions Libres - Le blog d'Olivier Ezratty},
	author = {Ezratty, Olivier},
	urldate = {2024-05-28},
	langid = {french},
	keywords = {ia},
	file = {Snapshot:C\:\\Users\\Pauline\\Zotero\\storage\\XLKWD2TQ\\que-devient-ia-symbolique.html:text/html},
}

@incollection{sabah_intelligence_2004,
	location = {Paris},
	title = {Intelligence artificielle, linguistique et cognition},
	rights = {https://www.openedition.org/12554},
	isbn = {978-2-7351-1923-3},
	url = {https://books.openedition.org/editionsmsh/7070},
	series = {Cogniprisme},
	pages = {195--221},
	booktitle = {La linguistique cognitive},
	publisher = {Éditions de la Maison des sciences de l’homme},
	author = {Sabah, Gérard},
	editor = {Fuchs, Catherine},
	urldate = {2024-06-18},
	date = {2004},
	langid = {french},
	doi = {10.4000/books.editionsmsh.7070},
	note = {Code: La linguistique cognitive},
	keywords = {ia},
}

@article{saporta_breve_2018,
	title = {Une brève histoire de l'intelligence artificielle},
	url = {https://cnam.hal.science/hal-02471743},
	abstract = {La première partie commence au {XIIIème} siècle et s’achève aux neurones artificiels et aux travaux de Norbert Wiener. La seconde partie nous conduira de la naissance de l’informatique à l’actualité la plus récente autour du Learning.},
	author = {Saporta, Gilbert},
	urldate = {2024-07-11},
	date = {2018-03-15},
	langid = {french},
	keywords = {ia},
	file = {Full Text PDF:C\:\\Users\\Pauline\\Zotero\\storage\\56CAT2N4\\Saporta - 2018 - Une brève histoire de l'intelligence artificielle.pdf:application/pdf},
}

@article{puren_intelligence_2020,
	title = {L'intelligence artificielle et les humanités},
	url = {https://hal.science/hal-03152754},
	author = {Puren, Marie},
	urldate = {2024-08-02},
	date = {2020},
	langid = {french},
	keywords = {ia},
	file = {PDF:C\:\\Users\\Pauline\\Zotero\\storage\\3L5W9JQP\\Puren - L'intelligence artificielle et les humanités.pdf:application/pdf},
}

@article{chague_lintelligence_2022,
	title = {L’intelligence artificielle, une ouverture du champ des possibles},
	issn = {2108-7016, 1269-0589},
	url = {https://publications-prairial.fr/arabesques/index.php?id=3043},
	doi = {10.35562/arabesques.3043},
	pages = {4--5},
	number = {107},
	journaltitle = {Arabesques},
	author = {Chagué, Alix and Romary, Laurent},
	urldate = {2024-07-15},
	date = {2022-10-01},
	langid = {french},
	keywords = {ia},
	file = {PDF:C\:\\Users\\Pauline\\Zotero\\storage\\A3DK2MHV\\Chagué et Romary - 2022 - L’intelligence artificielle, une ouverture du champ des possibles.pdf:application/pdf},
}

@article{sauret_intelligence_2022,
	title = {Intelligence artificielle \& Sciences humaines et sociales ({SHS})},
	url = {https://hal.parisnanterre.fr/hal-03962920},
	doi = {10.3917/i2d.221.0097},
	abstract = {L’intelligence artificielle s’impose désormais dans tous les domaines des sciences humaines et sociales, lesquelles accueillent cette nouvelle approche à la fois en tant que méthodologie de traitement des données, et en tant qu’objet de recherche à part entière. Signe d’un second tournant numérique de la recherche, cet engouement témoigne de la convergence entre les besoins en traitement massif des données de la recherche et des archives patrimoniales, après les larges campagnes de numérisation opérées lors de ces dernières décennies, et avec la maturation des méthodes d’apprentissage automatique et profond. Pour autant, cette accessibilité des méthodes de l’{IA} n’est pas sans poser certains défis aux communautés {SHS} : défis en termes de compétences et de ressources nécessaires, mais aussi en termes d’enjeux scientifiques, épistémologiques et éthiques.},
	pages = {97},
	issue = {n° 1},
	journaltitle = {I2D – Information, données \& documents},
	author = {Sauret, Nicolas},
	urldate = {2024-07-31},
	date = {2022-07-11},
	langid = {french},
	keywords = {ia},
	file = {Full Text PDF:C\:\\Users\\Pauline\\Zotero\\storage\\VTMNNFCS\\Sauret - 2022 - Intelligence artificielle & Sciences humaines et sociales (SHS).pdf:application/pdf},
}

@article{pollotec_intelligence_2018,
	title = {Intelligence artificielle : le rapport de Cédric Villani},
	volume = {396},
	issn = {0031-4773},
	url = {https://shs.cairn.info/revue-la-pensee-2018-4-page-73?lang=fr&tab=resume},
	doi = {10.3917/lp.396.0073},
	shorttitle = {Intelligence artificielle},
	pages = {73--85},
	number = {4},
	journaltitle = {La Pensée},
	author = {Pollotec, Yann Le},
	urldate = {2024-07-19},
	date = {2018},
	langid = {french},
	note = {Publisher: Fondation Gabriel Péri},
	keywords = {ia},
	file = {Full Text PDF:C\:\\Users\\Pauline\\Zotero\\storage\\ZMZH4S5S\\Pollotec - 2018 - Intelligence artificielle  le rapport de Cédric Villani.pdf:application/pdf},
}

@online{ramlochan_openness_2023,
	title = {Openness in Language Models: Open Source vs Open Weights vs Restricted Weights},
	url = {https://promptengineering.org/llm-open-source-vs-open-weights-vs-restricted-weights/},
	shorttitle = {Openness in Language Models},
	abstract = {As language models hype "openness", this article proposes key criteria to evaluate true transparency balanced with safety.},
	titleaddon = {Prompt Engineering},
	author = {Ramlochan, Sunil},
	urldate = {2024-06-07},
	date = {2023-12-12},
	langid = {english},
	keywords = {ia},
	file = {Snapshot:C\:\\Users\\Pauline\\Zotero\\storage\\644ZXPYX\\llm-open-source-vs-open-weights-vs-restricted-weights.html:text/html},
}

@misc{chague_intelligence_2022,
	title = {Intelligence Artificielle et intelligence collective : des nouveaux eldorados pour rendre les textes patrimoniaux plus accessibles ?},
	url = {https://hal.science/hal-03739948},
	shorttitle = {Intelligence Artificielle et intelligence collective},
	author = {Chagué, Alix},
	urldate = {2024-07-15},
	date = {2022-05},
	note = {Pages: 7 p.},
	keywords = {ia},
	file = {HAL PDF Full Text:C\:\\Users\\Pauline\\Zotero\\storage\\275287VB\\Chagué - 2022 - Intelligence Artificielle et intelligence collective  des nouveaux eldorados pour rendre les textes.pdf:application/pdf},
}

@article{bermes_patrimoine_2020,
	title = {Le patrimoine numérique national à l'heure de l'intelligence artificielle. Le programme de recherche Corpus comme espace d’expérimentation pour les humanités numériques},
	volume = {1},
	url = {https://bnf.hal.science/hal-02122073},
	doi = {10.5802/roia.5},
	abstract = {Dans un contexte d’augmentation des volumétries des données et de réduction des temps de traitement, la Bibliothèque nationale de France est confrontée à plusieurs défis et évolutions. Afin de collecter, préserver, décrire et permettre l’étude d’ensembles de données massifs et hétérogènes, elle fait non seulement appel aux méthodes relevant des sciences de l’information mais elle recourt aussi aux techniques issues de l’informatique, de plus en plus développées dans le domaine de l’intelligence artificielle. Cette nécessité croissante de convoquer des compétences complémentaires, s’ajoutant aux opportunités ouvertes par les collections numériques pour la recherche, notamment en sciences humaines et sociales, induit pour la Bibliothèque la définition d’un espace pour le développement des humanités numériques.},
	pages = {89},
	number = {1},
	journaltitle = {Revue Ouverte d'Intelligence Artificielle},
	author = {Bermès, Emmanuelle and Moiraghi, Eleonora},
	urldate = {2024-07-11},
	date = {2020},
	langid = {french},
	keywords = {ia},
	file = {Full Text PDF:C\:\\Users\\Pauline\\Zotero\\storage\\3LRUMCSM\\Bermès et Moiraghi - 2020 - Le patrimoine numérique national à l'heure de l'intelligence artificielle. Le programme de recherche.pdf:application/pdf},
}

@article{vial_tournant_2016,
	title = {Le tournant design des humanités numériques},
	rights = {https://creativecommons.org/licenses/by-nc-sa/4.0/},
	issn = {2263-0856},
	url = {https://journals.openedition.org/rfsic/1828},
	doi = {10.4000/rfsic.1828},
	abstract = {À partir d’une étude de cas du projet {VÉgA} (Vocabulaire de l’Égyptien Ancien) et du constat qu’il existe une double convergence des sciences de l’information et de la communication ({SIC}) et des humanités numériques ({HN}) vers le design, cet article fait l’hypothèse que le design est un médiateur épistémologique entre {SIC} et {HN}. L’article s’intéresse plus particulièrement à la manière dont le design, en tant qu’objet de recherche des {SIC}, permet d’éclairer et de structurer de manière nouvelle les enjeux théoriques et méthodologiques des humanités numériques. À partir d’une brève étude généalogique de la montée en puissance de la question du design dans les {HN}, l’article propose de définir un nouvel espace de recherche appelé « Design \& Digital Humanities » (2DH), qui consiste à envisager les {HN} sous l’angle des usages plutôt que des outils. L’objectif est moins de s’attacher à la mise en données (datafication) du monde par la raison informatique qu’à la mise en expériences de celui-ci par le design numérique centré-humain.},
	number = {8},
	journaltitle = {Revue française des sciences de l’information et de la communication},
	author = {Vial, Stéphane},
	urldate = {2024-06-12},
	date = {2016-01-01},
	langid = {french},
	note = {Number: 8
Publisher: Société Française de Sciences de l’Information et de la Communication},
	keywords = {design},
	file = {Version soumise:C\:\\Users\\Pauline\\Zotero\\storage\\WIUXYEBK\\Vial - 2016 - Le tournant design des humanités numériques.pdf:application/pdf},
}

@article{vautier_ingenierie_1999,
	title = {Ingénierie des facteurs humains : présentation et illustration.},
	volume = {18},
	rights = {(c) Tous droits réservés {RFGI} 2021},
	issn = {2804-9284},
	url = {https://rfgi.fr/rfgi/article/view/304},
	doi = {10.53102/1999.18.03.304},
	shorttitle = {Ingénierie des facteurs humains},
	abstract = {Human Factors Engineering ({IFH}) is a discipline that takes root both in the world of Engineering and in that of Management and Human and Social Sciences. {IFH} is the "art" of designing a system by taking as an entry point the human beings present in this system, the human beings being considered both individually and collectively. The {IFH} aims to globally maximize the adequacy of the interactions existing between each of the human beings of the system and each of the other actors (human beings or machines) in interrelation with this one. To do this, it integrates a certain number of methods making it possible, on the one hand, to specify or re-specify in a relevant manner the missions to be carried out by human beings and, on the other hand, to define or redefine the (human) factors more suitable for carrying out these missions. This definition or redefinition is done by adaptation of the human beings to the constraints associated with their mission and/or by adaptation of the constraints to each of the human beings of the system. The article is composed of three parts. The first explains the reasons for the development of the {IFH}. The second sets out the main concepts of the discipline. Finally, the third presents some elements on how to practice {IFH}.},
	pages = {51--61},
	number = {3},
	journaltitle = {Revue Française de Gestion Industrielle},
	author = {Vautier, Jean François},
	urldate = {2024-08-02},
	date = {1999-09-01},
	langid = {french},
	note = {Number: 3},
	keywords = {design},
	file = {Full Text PDF:C\:\\Users\\Pauline\\Zotero\\storage\\BU7MMHLN\\Vautier - 1999 - Ingénierie des facteurs humains  présentation et illustration..pdf:application/pdf},
}

@article{peche_design_2016,
	title = {Design thinking : le design en tant que management de projet},
	volume = {28},
	issn = {2034-7634},
	url = {https://shs.cairn.info/revue-entreprendre-et-innover-2016-1-page-83?lang=fr&tab=texte-integral},
	doi = {10.3917/entin.028.0083},
	shorttitle = {Design thinking},
	pages = {83--94},
	number = {1},
	journaltitle = {Entreprendre \& Innover},
	author = {Péché, Jean-Patrick and Mieyeville, Fabien and Gaultier, Renaud},
	urldate = {2024-07-01},
	date = {2016-10-01},
	langid = {french},
	note = {Publisher: De Boeck Supérieur},
	keywords = {design},
	file = {Full Text PDF:C\:\\Users\\Pauline\\Zotero\\storage\\MDIZCEYR\\Péché et al. - 2016 - Design thinking  le design en tant que management de projet.pdf:application/pdf},
}

@online{ackermann_design_2023,
	title = {Design thinking was supposed to fix the world. Where did it go wrong?},
	url = {https://www.technologyreview.com/2023/02/09/1067821/design-thinking-retrospective-what-went-wrong/},
	abstract = {An approach that promised to democratize design may have done the opposite.},
	titleaddon = {{MIT} Technology Review},
	author = {Ackermann, Rebecca},
	urldate = {2024-07-28},
	date = {2023-02-09},
	langid = {english},
	keywords = {design},
	file = {Snapshot:C\:\\Users\\Pauline\\Zotero\\storage\\D4Q7FJS6\\design-thinking-retrospective-what-went-wrong.html:text/html},
}

@article{brown_design_2008,
	title = {Design Thinking},
	url = {https://readings.design/PDF/Tim%20Brown,%20Design%20Thinking.pdf},
	journaltitle = {Harvard Business Review},
	author = {Brown, Tim},
	urldate = {2024-07-02},
	date = {2008-06},
	keywords = {design},
}

@article{vial_quappelle-t-_2012,
	title = {Qu'appelle­-t­-on “ design numérique ” ?},
	volume = {1/1},
	url = {https://hal.science/hal-01154867},
	doi = {10.3166/rin.1.91-106},
	series = {De l'interactivité aux interaction(s) médiatrice(s)},
	abstract = {This article examines the controversial concept of “digital design” and proposes to give a rigorous definition from a critical and comparative epistemology. The “digital design” is first defined in opposition to “digitally aided design” before being historically situated in relation to the term "interaction design" appeared in the industrial design of the 1980s. Placing the issue of the digital in the global context of the cultural and phenomenological revolution it represents at global scale, this article shows how the term “digital design” is more appropriate to refer to all design practices involving computer, in which the so called “interaction design” is only one component among others (as well as “web design” or “game design”). The article offers a redefinition of the “matter” in the digital age, distinguishing between “mechanized matter” and “computed matter”, and try to outline the philosophical foundation of the field of digital design.},
	pages = {91--106},
	journaltitle = {Interfaces numériques},
	author = {Vial, Stéphane},
	urldate = {2024-07-15},
	date = {2012-01},
	note = {Publisher: Editions design numérique},
	keywords = {design},
}

@article{kelly_design_2021,
	title = {Design thinking and computational thinking: a dual process model for addressing design problems},
	volume = {7},
	issn = {2053-4701},
	url = {https://www.cambridge.org/core/journals/design-science/article/design-thinking-and-computational-thinking-a-dual-process-model-for-addressing-design-problems/A9F31133D2D05793A2F78D188B1CE525},
	doi = {10.1017/dsj.2021.7},
	shorttitle = {Design thinking and computational thinking},
	abstract = {This paper proposes a relationship between design thinking and computational thinking. It describes design thinking and computational thinking as two prominent ways of understanding how people address design problems. It suggests that, currently, each of design thinking and computational thinking is defined and theorized in isolation from the other. A two-dimensional ontological space of the ways that people think in addressing problems is proposed, based on the orientation of the thinker towards problem and solution generality/specificity. Placement of design thinking and computational thinking within this space and discussion of their relationship leads to the suggestion of a dual process model for addressing design problems. It suggests that, in this model, design thinking and computational thinking are processes that are ontological mirror images of each other, and are the two processes by which thinkers address problems. Thinkers can move fluently between the two. The paper makes a contribution towards the theoretical foundations of design thinking and proposes questions about how design thinking and computational thinking might be both investigated and taught as constituent parts of a dual process.},
	pages = {e8},
	journaltitle = {Design Science},
	author = {Kelly, Nick and Gero, John S.},
	urldate = {2024-06-24},
	date = {2021-01},
	langid = {english},
	keywords = {design},
	file = {Full Text PDF:C\:\\Users\\Pauline\\Zotero\\storage\\F9X3UXLU\\Kelly et Gero - 2021 - Design thinking and computational thinking a dual process model for addressing design problems.pdf:application/pdf},
}

@online{noauthor_manifeste_nodate,
	title = {Manifeste pour le développement Agile de logiciels},
	url = {https://agilemanifesto.org/iso/fr/manifesto.html},
	urldate = {2024-06-02},
	keywords = {design},
	file = {Manifeste pour le développement Agile de logiciels:C\:\\Users\\Pauline\\Zotero\\storage\\LADFIRHL\\manifesto.html:text/html},
}

@online{masure_design_2017,
	title = {Design et humanités numériques},
	url = {https://www.enssib.fr/bibliotheque-numerique/document-68105},
	abstract = {Anthony Masure, maître de conférences en design à l’université Toulouse – Jean Jaurès, présente son ouvrage "Design et humanités numériques".
En étudiant des opérations et des systèmes techniques potentiellement ouverts à la recherche, cet essai...},
	titleaddon = {enssib - Bibliotheque Numerique},
	type = {image},
	author = {Masure, Anthony},
	urldate = {2024-07-28},
	date = {2017-12-14},
	langid = {french},
	note = {Publisher: enssib},
	keywords = {design},
	file = {Snapshot:C\:\\Users\\Pauline\\Zotero\\storage\\6MF2IDI9\\68105-design-et-humanites-numeriques.html:text/html},
}

@article{manovich_data_2015,
	title = {Data Science and Digital Art History},
	url = {https://manovich.net/content/04-projects/087-data-science/manovich_digital_art_history.pdf},
	abstract = {I present a number of core concepts from data science that are relevant to digital art history and the use of quantitative methods to study any cultural artifacts or processes in general. These concepts are objects, features, data, feature space, and dimension reduction. These concepts enable computational exploration of both large and small visual cultural data. We can analyze relations between works on a single artist, many artists, all digitized production from a whole historical period, holdings in museum collections, collection metadata, or writings about art. The same concepts allow us to study contemporary vernacular visual media using massive social media content. (In our lab, we analyzed works by van Gogh, Mondrian, and Rothko, 6000 paintings by French Impressionists, 20,000 photographs from {MoMA} photography collection, one million manga pages from manga books, one million artworks of contemporary non-professional artists, and over 13 million Instagram images from 16 global cities.) While data science techniques do not replace other art historical methods, they allow us to see familiar art historical material in new ways, and also to study contemporary digital visual culture.},
	number = {1},
	journaltitle = {{DAH}-Journal},
	author = {Manovich, Lev},
	urldate = {2024-07-02},
	date = {2015},
	langid = {english},
	keywords = {hum\_num},
	file = {PDF:C\:\\Users\\Pauline\\Zotero\\storage\\AV2FEJJE\\Manovich - Data Science and Digital Art History.pdf:application/pdf},
}

@online{smaniotto_dh_2014,
	title = {{DH} {EHESS} : Aux sources de l’utopie numérique {\textbar} Compte rendu},
	url = {https://philologia.hypotheses.org/1371},
	shorttitle = {{DH} {EHESS}},
	abstract = {Voir l’annonce de la séance La séance d’ouverture du séminaire Digital Humanities de l’{EHESS}, animée par Aurélien Berra et Pierre Mounier le 2 octobre 2013, a été consacrée à la discussion du livre de Fred Turner From Counterculture to Cyberculture. … Continuer la lecture →},
	titleaddon = {Philologie à venir},
	type = {Billet},
	author = {Smaniotto, Alessia},
	urldate = {2024-07-15},
	date = {2014-02-25},
	langid = {french},
	doi = {10.58079/sub9},
	note = {{ISSN}: 2119-0917},
	keywords = {hum\_num},
	file = {Snapshot:C\:\\Users\\Pauline\\Zotero\\storage\\9AU48KRN\\1371.html:text/html},
}

@book{burdick_digital_humanities_2012,
	title = {Digital\_Humanities},
	isbn = {978-0-262-31210-3},
	url = {https://direct.mit.edu/books/book/5346/Digital-Humanities},
	abstract = {A visionary report on the revitalization of the liberal arts tradition in the electronically inflected, design-driven, multimedia language of the twenty-fi},
	publisher = {The {MIT} Press},
	author = {Burdick, Anne and Drucker, Johanna and Lunenfeld, Peter and Presner, Todd and Schnapp, Jeffrey},
	urldate = {2024-08-01},
	date = {2012-11-16},
	langid = {english},
	doi = {10.7551/mitpress/9248.001.0001},
	keywords = {hum\_num},
	file = {Texte intégral:C\:\\Users\\Pauline\\Zotero\\storage\\RNUHPYN3\\Burdick et al. - 2012 - Digital_Humanities.pdf:application/pdf},
}

@article{pawlicka_data_2017,
	title = {Data, Collaboration, Laboratory: Bringing Concepts from Science into Humanities Practice},
	rights = {© 2017 Informa {UK} Limited, trading as Taylor \& Francis Group},
	issn = {0013-838X},
	url = {https://www.tandfonline.com/doi/abs/10.1080/0013838X.2017.1332022},
	shorttitle = {Data, Collaboration, Laboratory},
	abstract = {Humanities researchers have been looking for new tools and strategies to overcome what has been called, in recent years, a “crisis” in the humanities. These efforts maintain that it is possible to ...},
	journaltitle = {English Studies},
	author = {Pawlicka, Urszula},
	urldate = {2024-07-20},
	date = {2017-07-04},
	note = {Publisher: Routledge},
	keywords = {hum\_num},
	file = {Snapshot:C\:\\Users\\Pauline\\Zotero\\storage\\5GQRGQPG\\full.html:text/html},
}

@incollection{mounier_ce_2018,
	location = {Paris},
	title = {Ce que l’ordinateur apporte aux humanités},
	rights = {https://www.openedition.org/12554},
	isbn = {978-2-7351-2483-1},
	url = {https://books.openedition.org/editionsmsh/12036},
	series = {Interventions},
	pages = {45--67},
	booktitle = {Les humanités numériques : Une histoire critique},
	publisher = {Éditions de la Maison des sciences de l’homme},
	author = {Mounier, Pierre},
	urldate = {2024-07-12},
	date = {2018},
	langid = {french},
	doi = {10.4000/books.editionsmsh.12036},
	note = {Code: Les humanités numériques : Une histoire critique},
	keywords = {hum\_num},
}

@online{dacos_manifeste_2011,
	title = {Manifeste des Digital humanities},
	url = {https://tcp.hypotheses.org/318},
	abstract = {Manifeste des Digital humanities Contexte Nous, acteurs ou observateurs des digital humanities (humanités numériques) nous sommes réunis à Paris lors du {THATCamp} des 18 et 19 mai 2010. Au cours de ces deux journées,...},
	titleaddon = {{THATCamp} Paris},
	type = {Billet},
	author = {Dacos, Marin},
	urldate = {2024-04-25},
	date = {2011-03-26},
	langid = {french},
	doi = {10.58079/uo27},
	note = {{ISSN}: 2261-2971},
	keywords = {hum\_num},
	file = {Snapshot:C\:\\Users\\Pauline\\Zotero\\storage\\8ES8JNPH\\318.html:text/html},
}

@incollection{burnard_du_2012,
	location = {Marseille},
	title = {Du literary and linguistic computing aux digital humanities : retour sur 40 ans de relations entre sciences humaines et informatique},
	rights = {https://creativecommons.org/licenses/by-nc-nd/4.0/},
	isbn = {978-2-8218-1325-0},
	url = {https://books.openedition.org/oep/242},
	series = {Read/Write Book},
	shorttitle = {Du literary and linguistic computing aux digital humanities},
	pages = {45--58},
	booktitle = {Read/Write Book 2 : Une introduction aux humanités numériques},
	publisher = {{OpenEdition} Press},
	author = {Burnard, Lou},
	editor = {Mounier, Pierre},
	urldate = {2024-07-11},
	date = {2012},
	langid = {french},
	doi = {10.4000/books.oep.242},
	note = {Code: Read/Write Book 2 : Une introduction aux humanités numériques},
	keywords = {hum\_num},
	file = {Texte intégral:C\:\\Users\\Pauline\\Zotero\\storage\\6IUIF7E9\\Burnard - 2012 - Du literary and linguistic computing aux digital humanities  retour sur 40 ans de relations entre s.pdf:application/pdf},
}

@article{heffernan_search_2018,
	title = {Search and Replace: Josephine Miles and the Origins of Distant Reading},
	url = {https://modernismmodernity.org/forums/posts/search-and-replace},
	shorttitle = {Search and Replace},
	abstract = {From this day forward, every time you see the name Roberto Busa invoked as a—or the—founding scholar of either quantitative or computational method in the humanities, we want you to mentally search and replace with another name: Josephine Miles.},
	journaltitle = {Modernism/modernity Print Plus},
	author = {Heffernan, Rachel Sagner Buurma \{and\} Laura},
	urldate = {2024-07-29},
	date = {2018-04-11},
	langid = {english},
	note = {Publisher: Johns Hopkins University Press},
	keywords = {hum\_num},
}

@incollection{mounier_ibm_2018,
	location = {Paris},
	title = {{IBM} ou International Busa Machines ? De l’informatique aux humanités},
	rights = {https://www.openedition.org/12554},
	isbn = {978-2-7351-2483-1},
	url = {https://books.openedition.org/editionsmsh/12033},
	series = {Interventions},
	shorttitle = {{IBM} ou International Busa Machines ?},
	pages = {21--43},
	booktitle = {Les humanités numériques : Une histoire critique},
	publisher = {Éditions de la Maison des sciences de l’homme},
	author = {Mounier, Pierre},
	urldate = {2024-07-16},
	date = {2018},
	langid = {french},
	doi = {10.4000/books.editionsmsh.12033},
	note = {Code: Les humanités numériques : Une histoire critique},
	keywords = {hum\_num},
}

@article{gefen_humanites_2017,
	title = {Des humanités numériques en 2017},
	rights = {https://creativecommons.org/licenses/by-nc-nd/4.0/},
	issn = {0076-230X},
	url = {https://journals.openedition.org/mcv/7957},
	doi = {10.4000/mcv.7957},
	abstract = {Rares sont, en cette période de contraction budgétaire et d’interrogations sur les disciplines universitaires, les champs qui ont le vent en poupe et dont l’énoncé du nom suffit à ouvrir les cordons de la bourse des agences de financement. Tel est pourtant le cas des humanités numériques, dont la vogue internationale a accompagné la conversion numérique de nos vies. Mais les humanités numériques sont-elles une méthode ou un ensemble de méthodes, un champ d’investigation, une option méthodolog...},
	pages = {315--318},
	number = {47},
	journaltitle = {Mélanges de la Casa de Velázquez. Nouvelle série},
	author = {Gefen, Alexandre},
	urldate = {2024-07-11},
	date = {2017-11-15},
	langid = {french},
	note = {{ISBN}: 9788490960875
Number: 47-2
Publisher: Casa de Velázquez},
	keywords = {hum\_num},
	file = {Version soumise:C\:\\Users\\Pauline\\Zotero\\storage\\D2V2QMQG\\Gefen - 2017 - Des humanités numériques en 2017.pdf:application/pdf},
}

@article{berra_pour_2015,
	title = {Pour une histoire des humanités numériques},
	volume = {819820},
	issn = {0011-1600},
	url = {https://shs-cairn-info.portail.psl.eu/revue-critique-2015-8-page-613?lang=fr&tab=texte-integral},
	doi = {10.3917/criti.819.0613},
	pages = {613--626},
	number = {8},
	journaltitle = {Critique},
	author = {Berra, Aurélien},
	urldate = {2024-05-15},
	date = {2015-09-03},
	langid = {french},
	note = {Publisher: Éditions de Minuit},
	keywords = {hum\_num},
	file = {Full Text PDF:C\:\\Users\\Pauline\\Zotero\\storage\\JUUT8I29\\Berra - 2015 - Pour une histoire des humanités numériques.pdf:application/pdf},
}

@article{clavert_humanites_2019,
	title = {Les humanités numériques, un enjeu historique},
	rights = {All rights reserved},
	issn = {2105-2956},
	url = {https://journals.openedition.org/quaderni/1417},
	doi = {10.4000/quaderni.1417},
	abstract = {Les historiens ne sont pas en reste pour s’investir dans les humanités numériques et si d’autres disciplines à l’instar des sciences de l’information et de la commu­nication ({SIC}) ont pu mener un effort collectif pour penser la relation à leur discipline, la réflexion his­torienne se saisit aussi de ces enjeux. Il est clair que non seulement le numérique et, dans le cas qui nous intéresse plus spécifiquement, les {DH} concernent les historiens à tous les stades de leur recherche, du rapport à l’archive et de la constitution des corpus à la diffusion de leurs travaux, mais ils modifient aussi les espaces de dialogue et de circulation des idées d’une partie de la communauté historienne. En cela les {DH} sont bien un enjeu pour la fabrique et l’écriture de l’histoire, mais peuvent aussi à terme devenir un objet d’histoire. Si dans cette relation entre {DH} et histoire nous nous intéresserons plus modestement à ce que fait l’histoire aux {DH}, bien qu’il y ait matière à ana­lyser les échanges qui se nouent au sein de cette inter­discipline et le rôle qu’y tiennent ou n’y tiennent pas les historiens, c’est surtout sous l’angle des apports des {DH} à l’histoire que nous penserons une intégra­tion et une hybridité à la fois (inter) et (intra) discipli­naire, au service non pas de la dilution disciplinaire mais de son enrichissement.},
	pages = {33--49},
	number = {98},
	journaltitle = {Quaderni. Communication, technologies, pouvoir},
	author = {Clavert, Frédéric and Schafer, Valérie},
	urldate = {2024-07-26},
	date = {2019-02-05},
	langid = {french},
	note = {Number: 98
Publisher: Les éditions de la Maison des sciences de l’Homme},
	keywords = {hum\_num},
	file = {Full Text PDF:C\:\\Users\\Pauline\\Zotero\\storage\\CQRVE55H\\Clavert et Schafer - 2019 - Les humanités numériques, un enjeu historique.pdf:application/pdf},
}

@inproceedings{anderson_teaching_nodate,
	location = {Washington, {DC}},
	title = {On Teaching {XQuery} to Digital Humanists},
	url = {http://www.balisage.net/Proceedings/vol13/html/Anderson01/BalisageVol13-Anderson01.html},
	doi = {10.4242/BalisageVol13.Anderson01},
	abstract = {{XQuery} provides an excellent means for teaching programming to digital humanists because it works seamlessly with their existing {XML} data, has an elegant and simple core with a well-structured standard library, and can be used in conjunction with {XML} databases to develop end-to-end web applications. However, current teaching materials for {XQuery} do not address the needs of digital humanists, presupposing implicit knowledge of programming concepts that they frequently lack. Based on experience teaching {XQuery} to digital humanists (including alt-ac professionals, archivists, faculty members, graduate students, and librarians) in three distinct settings: a weekly training session for librarians, a graduate seminar on digital humanities, and a two week {NEH}-supported Institute for Advanced Topics in Digital Humanities, I suggest how the {XML} community might develop resources to widen the appeal and accessibility of {XQuery}.},
	eventtitle = {Balisage: The Markup Conference 2014},
	author = {Anderson, Clifford B.},
	urldate = {2024-07-05},
	keywords = {hum\_num},
	file = {Version soumise:C\:\\Users\\Pauline\\Zotero\\storage\\B29ELQVL\\Anderson - On Teaching XQuery to Digital Humanists.pdf:application/pdf},
}

@inbook{hayles_humanites_2016,
	location = {Grenoble},
	title = {Les humanités numériques : Une problématisation en cours},
	rights = {https://www.openedition.org/12554},
	isbn = {978-2-84310-354-4},
	url = {https://books.openedition.org/ugaeditions/386},
	series = {Savoirs littéraires et imaginaires scientifiques},
	shorttitle = {Les humanités numériques},
	pages = {69--117},
	booktitle = {Lire et penser en milieux numériques : Attention, récits, technogenèse},
	publisher = {{UGA} Éditions},
	author = {Hayles, Nathalie K.},
	bookauthor = {Hayles, N. Katherine},
	urldate = {2024-07-02},
	date = {2016},
	langid = {french},
	doi = {10.4000/books.ugaeditions.386},
	note = {Code: Lire et penser en milieux numériques : Attention, récits, technogenèse},
	keywords = {hum\_num},
}

@article{hinrichs_defense_2019,
	title = {In defense of sandcastles: Research thinking through visualization in digital humanities},
	volume = {34},
	issn = {2055-7671},
	url = {https://doi.org/10.1093/llc/fqy051},
	doi = {10.1093/llc/fqy051},
	shorttitle = {In defense of sandcastles},
	abstract = {Although recent research acknowledges the potential of visualization methods in digital humanities ({DH}), the predominant terminology used to describe visualizations (prototypes and tools) focuses on their use as a means to an end and, more importantly, as an instrument in the service of humanities research. We introduce the sandcastle as a metaphorical lens and provocative term to highlight visualization as a research process in its own right. We argue that building visualization sandcastles provides a holistic approach to cross-disciplinary knowledge generation that embraces visualization as (1) an aesthetic provocation to elicit critical insights, interpretation, speculation, and discussions within and beyond scholarly audiences, (2) a dynamic process wherein speculation and re-interpretation advance knowledge within all disciplines involved, and (3) a mediator of ideas and theories within and across disciplines. Our argument is grounded in critical theory, {DH}, design, human–computer interaction, and visualization, and based on our own research on an exceptional literary collection. We argue that considering visualizations as sandcastles foregrounds valuable insights into the roles of visualization as a mindset, methodology, and praxis within humanities research and beyond.},
	pages = {i80--i99},
	issue = {Supplement\_1},
	journaltitle = {Digital Scholarship in the Humanities},
	shortjournal = {Digital Scholarship in the Humanities},
	author = {Hinrichs, Uta and Forlini, Stefania and Moynihan, Bridget},
	urldate = {2024-07-26},
	date = {2019-12-01},
	keywords = {dataviz},
	file = {Full Text PDF:C\:\\Users\\Pauline\\Zotero\\storage\\DU7WZEGB\\Hinrichs et al. - 2019 - In defense of sandcastles Research thinking through visualization in digital humanities.pdf:application/pdf;Snapshot:C\:\\Users\\Pauline\\Zotero\\storage\\SYE82EEH\\5146726.html:text/html},
}

@article{sanders_developing_nodate,
	title = {Developing Data Stories in Digital Humanities: challenges and protocol},
	volume = {5},
	url = {https://journal.dhbenelux.org/wp-content/uploads/2023/09/DH_Benelux_Journal_Volume_5_2_Sanders.pdf},
	journaltitle = {{DH} Benelux Journal},
	author = {Sanders, Willemien and Ordelman, Roeland and Wigham, Mari and van Gorp, Jasmijn and Noordegraaf, Julia},
	urldate = {2024-07-11},
	langid = {english},
	keywords = {dataviz},
	file = {PDF:C\:\\Users\\Pauline\\Zotero\\storage\\LWEQPIGX\\Sanders et al. - Developing Data Stories in Digital Humanities challenges and protocol.pdf:application/pdf},
}

@article{graham_introduction_2017,
	title = {Introduction: Data Visualisation and the Humanities},
	volume = {98},
	issn = {0013-838X},
	url = {https://doi.org/10.1080/0013838X.2017.1332021},
	doi = {10.1080/0013838X.2017.1332021},
	shorttitle = {Introduction},
	pages = {449--458},
	number = {5},
	journaltitle = {English Studies},
	author = {Graham, Elyse},
	urldate = {2024-07-01},
	date = {2017-07-04},
	note = {Publisher: Routledge
\_eprint: https://doi.org/10.1080/0013838X.2017.1332021},
	keywords = {dataviz},
	file = {Full Text PDF:C\:\\Users\\Pauline\\Zotero\\storage\\J9KB3TIP\\Graham - 2017 - Introduction Data Visualisation and the Humanities.pdf:application/pdf},
}

@inproceedings{shao_data_2024,
	location = {New York, {NY}, {USA}},
	title = {Data Storytelling in Data Visualisation: Does it Enhance the Efficiency and Effectiveness of Information Retrieval and Insights Comprehension?},
	isbn = {9798400703300},
	url = {https://dl.acm.org/doi/10.1145/3613904.3643022},
	doi = {10.1145/3613904.3643022},
	series = {{CHI} '24},
	shorttitle = {Data Storytelling in Data Visualisation},
	abstract = {Data storytelling ({DS}) is rapidly gaining attention as an approach that integrates data, visuals, and narratives to create data stories that can help a particular audience to comprehend the key messages underscored by the data with enhanced efficiency and effectiveness. It is been posited that {DS} can be especially advantageous for audiences with limited visualisation literacy, by presenting the data clearly and concisely. However, empirical studies confirming whether data stories indeed provide these benefits over conventional data visualisations are scarce. To bridge this gap, we conducted a study with 103 participants to determine whether {DS} indeed improve both efficiency and effectiveness in tasks related to information retrieval and insights comprehension. Our findings suggest that data stories do improve the efficiency of comprehension tasks, as well as the effectiveness of comprehension tasks that involve a single insight, compared with conventional visualisations. Interestingly, these benefits were not associated with participants’ visualisation literacy.},
	pages = {1--21},
	booktitle = {Proceedings of the 2024 {CHI} Conference on Human Factors in Computing Systems},
	publisher = {Association for Computing Machinery},
	author = {Shao, Hongbo and Martinez-Maldonado, Roberto and Echeverria, Vanessa and Yan, Lixiang and Gasevic, Dragan},
	urldate = {2024-08-02},
	date = {2024-05-11},
	keywords = {dataviz},
	file = {Full Text PDF:C\:\\Users\\Pauline\\Zotero\\storage\\I45A8KTY\\Shao et al. - 2024 - Data Storytelling in Data Visualisation Does it Enhance the Efficiency and Effectiveness of Informa.pdf:application/pdf},
}

@article{drucker_humanities_2010,
	title = {Humanities Approaches to Graphical Display},
	url = {https://johannadrucker.net/pdf/hum_app.pdf},
	author = {Drucker, Johanna},
	urldate = {2024-08-02},
	date = {2010},
	keywords = {dataviz},
}

@online{noauthor_dig-ed-cat_nodate,
	title = {Dig-Ed-Cat},
	url = {https://dig-ed-cat.acdh.oeaw.ac.at/},
	urldate = {2024-04-15},
	file = {Dig-Ed-Cat:C\:\\Users\\Pauline\\Zotero\\storage\\WF7863UW\\dig-ed-cat.acdh.oeaw.ac.at.html:text/html},
}

@book{burnard_quest-ce_2015,
	location = {Marseille},
	title = {Qu’est-ce que la Text Encoding Initiative ?},
	rights = {https://creativecommons.org/licenses/by-nc-nd/4.0/},
	isbn = {978-2-8218-5581-6},
	url = {https://books.openedition.org/oep/1237},
	series = {Encyclopédie numérique},
	abstract = {Les Guidelines de la Text Encoding Initiative ({TEI}) sont depuis longtemps considérées comme le standard de fait pour la préparation de ressources textuelles numériques dans la communauté académique. Elles offrent au débutant un éventail de possibilités qui peut paraître intimidant, mais qui reflète l’impressionnante étendue des applications possibles pour l’encodage de texte, depuis les éditions critiques traditionnelles jusqu’aux corpus linguistiques, aux lexiques historiques, aux archives numériques et au-delà. Utilisant de nombreux exemples de textes encodés en {TEI} issus de domaines variés, ce livre simple et direct est destiné à aider le débutant à faire ses propres choix parmi les multiples options offertes par la {TEI}. Il explique la technologie {XML} utilisée par la {TEI} d’une manière accessible au lecteur dépourvu de formation technique, et offre une visite guidée des dédales de l’univers de la {TEI}, et de la façon dont elle peut être personnalisée pour répondre aux besoins d’un projet particulier. Cet ouvrage a été réalisé avec le soutien de la région Provence-Alpes-Côte d’Azur.},
	pagetotal = {116},
	publisher = {{OpenEdition} Press},
	author = {Burnard, Lou},
	translator = {Burghart, Marjorie},
	urldate = {2024-05-11},
	date = {2015},
	langid = {french},
	note = {Code: Qu’est-ce que la Text Encoding Initiative ?
Publication Title: Qu’est-ce que la Text Encoding Initiative ?
Reporter: Qu’est-ce que la Text Encoding Initiative ?
Series Title: Encyclopédie numérique},
	keywords = {edition},
}

@book{nougaret_ledition_2015,
	title = {L'édition critique des textes contemporains, {XIXe}-{XXIe} siècle},
	url = {https://enc.hal.science/hal-02280903},
	author = {Nougaret, Christine and Parinet, Élisabeth and Clavaud, Florence},
	urldate = {2024-08-05},
	date = {2015},
	keywords = {edition},
	file = {HAL Snapshot:C\:\\Users\\Pauline\\Zotero\\storage\\UQQI3FSZ\\hal-02280903.html:text/html},
}

@online{dumont_encoding_2019,
	title = {Encoding Correspondence. A Manual for encoding letters and postcards in {TEI}-{XML} and {DTABf}},
	url = {https://encoding-correspondence.bbaw.de/v1/index.html},
	author = {Dumont, Stefan and Haaf, Suzanne and Seifert, Sabine},
	urldate = {2024-05-15},
	date = {2019},
	keywords = {edition},
	file = {Encoding Correspondence. A Manual for encoding letters and postcards in TEI-XML and DTABf:C\:\\Users\\Pauline\\Zotero\\storage\\NNZUMALW\\index.html:text/html},
}

@online{blanc_feracci_quest-ce_2022,
	title = {Qu’est-ce qu’un projet d’édition critique numérique ?},
	url = {https://dlis.hypotheses.org/5790},
	abstract = {Après des études de lettres et de sciences humaines, Caroline Blanc Feracci a intégré le master 2 Publication numérique à l’Enssib pour parachever sa formation. Après des études pluridisciplinaires de lettres et de mathématiques, Marthe Vertongen est actuellement étudiante en double master 2 Publication Numérique et Humanités Numériques à l’Enssib. Petite étude d’objets éditoriaux qui … Continuer la lecture de Qu’est-ce qu’un projet d’édition critique numérique ?  →},
	titleaddon = {{DLIS}},
	type = {Billet},
	author = {Blanc Feracci, Caroline and Vertongen, Marthe},
	urldate = {2024-07-04},
	date = {2022-03-01},
	langid = {french},
	doi = {10.58079/nt40},
	note = {{ISSN}: 2494-0801},
	keywords = {edition},
	file = {Snapshot:C\:\\Users\\Pauline\\Zotero\\storage\\HKH42XW3\\5790.html:text/html},
}

@article{poupeau_reflexions_2004,
	title = {Réflexions sur l'utilisation de la {TEI} pour coder les sources diplomatiques à partir de l'exemple du Cartulaire blanc de l'abbaye de Saint-Denis},
	url = {https://archivesic.ccsd.cnrs.fr/sic_00137226},
	abstract = {Présentation de l'encodage en {XML}-{TEI} des éditions critiques d'un chartrier médiéval},
	number = {43},
	journaltitle = {Le médiéviste et l'ordinateur},
	author = {Poupeau, Gautier},
	urldate = {2024-07-05},
	date = {2004-04-18},
	keywords = {edition},
	file = {AOSIC Full Text PDF:C\:\\Users\\Pauline\\Zotero\\storage\\UV5EN6DA\\Poupeau - 2004 - Réflexions sur l'utilisation de la TEI pour coder les sources diplomatiques à partir de l'exemple du.pdf:application/pdf},
}

@thesis{biay_chaine_2022,
	title = {Chaîne de traitement pour l’édition numérique de la correspondance manuscrite de Constance de Salm (1767-1845)},
	url = {https://dumas.ccsd.cnrs.fr/dumas-04574681},
	abstract = {La correspondance de Constance de Salm (1767-1845), femme de lettres française, compte environ 11 000 lettres manuscrites. Ces lettres ont été numérisées, inventoriées et publiées en ligne par l’Institut historique allemande de Paris, avec leurs métadonnées descriptives. Ce rapport de stage décrit la mise en place d’une chaîne de traitement pour l’édition des textes de cette correspondance au format {XML}-{TEI}. L’acquisition des textes a été effectuée par reconnaissance automatique des écritures manuscrites. Les documents ayant été rédigés par plusieurs copistes, une part importante du travail a consisté à entraîner un modèle générique pour la reconnaissance de ces écritures, et à documenter cette méthodologie d’entraînement spécifique. On s’est également efforcé d’entraîner un modèle de segmentation pour l’analyse de la mise en page des documents, avec un succès relatif. En dernier lieu, la chaîne de traitement permet la transformation de la prédiction automatique des textes en éditions numériques au format {TEI}, avec distribution automatique du contenu de chaque lettre dans un fichier propre et structuration du contenu des lettres à partir des métadonnées de segmentation.},
	institution = {Institut historique allemand, Département d’histoire numérique, Hôtel Duret-de-Chevry, 8 rue du Parc-Royal, 75003 Paris},
	type = {other},
	author = {Biay, Sébastien},
	urldate = {2024-06-15},
	date = {2022-10-17},
	langid = {french},
	note = {Pages: vi},
	keywords = {edition},
	file = {Full Text PDF:C\:\\Users\\Pauline\\Zotero\\storage\\ZCMPDP2T\\Biay - 2022 - Chaîne de traitement pour l’édition numérique de la correspondance manuscrite de Constance de Salm (.pdf:application/pdf},
}

@article{fornaro_karl_2011,
	title = {Karl Lachmann et sa méthode},
	rights = {https://creativecommons.org/licenses/by-nd/4.0/},
	issn = {1253-7837},
	url = {https://journals.openedition.org/rgi/1281},
	doi = {10.4000/rgi.1281},
	abstract = {Résumé : Cet article s’efforce de définir le profil intellectuel de Karl Lachmann, l’itinéraire parcouru pour arriver à sa « méthode », ses rapports avec la philologie classique antérieure (Heyne) et contemporaine (Hermann), ses prises de position sur la « question homérique ». Mais il décrit surtout le rôle de Lachmann dans l’institutionnalisation de la germanistique, la « science allemande » par excellence, dont la dignité scientifique et institutionnelle s’établit sur le modèle de l’Altertumswissenschaft. Il s’agissait de constituer une communauté scientifique se reconnaissant à sa méthode de travail. Grâce à cette méthode, les philologues se distinguaient des dilettantes et des amateurs de la discipline, considérés comme des profanes (Laien) dont les travaux fleurissaient dans le climat romantique. La méthode de Lachmann n’est pas seulement scientifique mais aussi éthique. C’est une discipline rigoureuse de vie ; le « maître », qui en est l’exemple vivant, devient ainsi un objet de culte.},
	pages = {125--138},
	number = {14},
	journaltitle = {Revue germanique internationale},
	author = {Fornaro, Sotera},
	urldate = {2024-07-18},
	date = {2011-10-24},
	langid = {french},
	note = {{ISBN}: 9782271073334
Number: 14
Publisher: {CNRS} Éditions},
	keywords = {edition},
}

@inproceedings{casenave_reception_2017,
	title = {La réception de l’édition critique numérique : accès multiples pour publics divers ?},
	url = {https://hal.univ-lille.fr/hal-04533547},
	shorttitle = {La réception de l’édition critique numérique},
	eventtitle = {Digital Humanities 2017},
	pages = {412},
	author = {Casenave, Joana and Marcoux, Yves},
	urldate = {2024-07-22},
	date = {2017-08-08},
	langid = {english},
	keywords = {edition},
	file = {Snapshot:C\:\\Users\\Pauline\\Zotero\\storage\\9IHN5TNQ\\hal-04533547v1.html:text/html},
}

@article{gvelesiani_quest-ce_2017,
	title = {Qu'est-ce qu'est l'ecdotique ? Histoire et concept},
	url = {https://www.dfh-ufa.org/fileadmin/Dateien/Forschung/herbstkurs_2017/4_Gvelesiani.pdf},
	author = {Gvelesiani, Anna},
	urldate = {2024-08-01},
	date = {2017},
	langid = {french},
	keywords = {edition},
	file = {PDF:C\:\\Users\\Pauline\\Zotero\\storage\\AL2YIDNU\\Gvelesiani - QU’EST-CE QU’EST L’ECDOTIQUE HISTOIRE ET CONCEPT.pdf:application/pdf},
}

@online{sarda_rene-jean_2021,
	title = {René-Jean (1879-1951) : les années d’apprentissage},
	url = {https://baadoucet.hypotheses.org/299},
	shorttitle = {René-Jean (1879-1951)},
	abstract = {Dit René-Jean, René Hippolyte Jean (1879-1951) a grandi dans un milieu modeste, d’abord à Paris où il est né d’un père employé de commerce puis, après le décès de son père en 1885, dans sa famille maternelle en Haute-Saône. Sa vie professionnelle débute à Paris à quinze ans en tant que commis aux écritures … Continuer la lecture de « René-Jean (1879-1951) : les années d’apprentissage »},
	titleaddon = {Bibliothèque d'art et d'archéologie Jacques Doucet},
	type = {Billet},
	author = {Sarda, Marie-Anne},
	urldate = {2024-07-16},
	date = {2021-01-26},
	langid = {french},
	doi = {10.58079/luu7},
	note = {{ISSN}: 2781-3509},
	keywords = {inha},
	file = {Snapshot:C\:\\Users\\Pauline\\Zotero\\storage\\YT4PMESL\\299.html:text/html},
}

@online{noauthor_inha_nodate,
	title = {{INHA} - Lettres de Jacques Doucet à René Jean, 1908-1929 - A-propos},
	url = {https://skylab.inha.fr/PENSE/LettresDeJacquesDoucetAReneJean1908-1929/A-propos},
	urldate = {2024-05-02},
	file = {INHA - Lettres de Jacques Doucet à René Jean, 1908-1929 - A-propos:C\:\\Users\\Pauline\\Zotero\\storage\\GQ8PWV9X\\A-propos.html:text/html},
}

@online{noauthor_a_nodate,
	title = {À propos},
	url = {https://baadoucet.hypotheses.org/a-propos},
	abstract = {Au début du {XXe} siècle, le grand couturier et mécène Jacques Doucet (1853-1929) fondait la première de ses bibliothèques de recherche : la Bibliothèque d’art et d’archéologie. Avec l’ambition de couvrir tous les champs de l’art, toutes les époques et toutes les aires, il constitua une collection d’ouvrages et d’objets (dessins, estampes, archives) qui en … Continuer la lecture de « À propos »},
	titleaddon = {Bibliothèque d'art et d'archéologie Jacques Doucet},
	urldate = {2024-07-15},
	langid = {french},
	note = {{ISSN}: 2781-3509},
	file = {Snapshot:C\:\\Users\\Pauline\\Zotero\\storage\\HYRP4YI2\\a-propos.html:text/html},
}

@online{lequipe_du_carnet_edition_2021,
	title = {Édition numérique enrichie des lettres de Jacques Doucet à René-Jean},
	url = {https://baadoucet.hypotheses.org/1166},
	abstract = {Dans le cadre du programme La Bibliothèque d’art et d’archéologie de Jacques Doucet : corpus, savoirs et réseaux, l’équipe mène un projet d’édition numérique enrichie des lettres envoyées par Jacques Doucet à René-Jean, conservées et numérisées par le Département des Manuscrits de la Bibliothèque nationale de France. Ce projet s’inscrit dans le cadre de la … Continuer la lecture de « Édition numérique enrichie des lettres de Jacques Doucet à René-Jean »},
	titleaddon = {Bibliothèque d'art et d'archéologie Jacques Doucet},
	type = {Billet},
	author = {{L'équipe du carnet}},
	urldate = {2024-04-16},
	date = {2021-05-22},
	langid = {french},
	doi = {10.58079/luus},
	note = {{ISSN}: 2781-3509},
	keywords = {inha},
}

@online{mouradian_jean-michel_nodate,
	title = {Jean-Michel Thierry (1916-2011)},
	url = {http://www.acam-france.org/bibliographie/auteur.php?cle=thierry-jeanmichel},
	titleaddon = {Association Culturelle Arménienne de Marne-la-Vallée (France)},
	author = {Mouradian, Gérard},
	urldate = {2024-07-02},
	keywords = {inha},
	file = {ACAM - Livres arméniens - THIERRY , Jean-Michel:C\:\\Users\\Pauline\\Zotero\\storage\\5HI8JPVK\\auteur.html:text/html},
}

@online{perichaud_a_2022,
	title = {À la recherche du cloître perdu},
	url = {https://www.inha.fr/actualites/a-la-recherche-du-cloitre-perdu/},
	abstract = {,},
	titleaddon = {{INHA} - Institut national d'histoire de l'art},
	author = {Périchaud, Isabelle},
	urldate = {2024-07-15},
	date = {2022-04-14},
	langid = {french},
	keywords = {inha},
	file = {Snapshot:C\:\\Users\\Pauline\\Zotero\\storage\\ZGTMG7E6\\a-la-recherche-du-cloitre-perdu.html:text/html},
}

@online{gran-aymerich_raoul-rochette_2010,
	title = {Raoul-Rochette, Désiré},
	url = {https://www.inha.fr/dictionnaire-critique-des-historiens-de-lart-actifs-en-france-de-la-revolution-a-la-premiere-guerre-mondiale/raoul-rochette-desire-inha/},
	abstract = {,(9 mars 1790, Saint-Amand [Cher] – 5 juillet 1854, Paris), Auteur(s) de la notice : {GRAN}-{AYMERICH} Eve {LUBTCHANSKY} Natacha Profession ou activité principale Archéologue, conservateur du Cabinet des antiques et des médailles de la Bibliothèque royale, professeur d’archéologie Sujets d’étude Histoire, philologie et archéologie classique (Grèce : épigraphie, numismatique, céramographie, histoire de l’art ; Italie … Continued},
	booktitle = {Dictionnaire critique des historiens de l’art actifs en France de la Révolution à la Première Guerre mondiale},
	author = {Gran-Aymerich, Eve and Lubtchansky, Natacha},
	urldate = {2024-08-01},
	date = {2010-01-12},
	langid = {french},
	keywords = {inha},
	file = {Snapshot:C\:\\Users\\Pauline\\Zotero\\storage\\WRUHRS46\\raoul-rochette-desire-inha.html:text/html},
}

@online{noauthor_digital_nodate,
	title = {Digital Montagny},
	url = {https://www.inha.fr/recherche/donnees-recherche/pub-num/digital-montagny/},
	abstract = {, Ce site internet présente la publication critique numérique d’un album de 430 dessins d’après l’antique, composé au début du {XIXe} siècle par un artiste français, Élie-Honoré Montagny. , Présentation Conçu et réalisé en étroite collaboration par l’Institut national d’histoire de l’art et le Getty Research Institute, le « Digital Montagny » porte sur le … Continued},
	titleaddon = {{INHA} - Institut national d'histoire de l'art},
	urldate = {2024-09-19},
	langid = {french},
	file = {Snapshot:C\:\\Users\\Pauline\\Zotero\\storage\\NURUDD2J\\digital-montagny.html:text/html},
}

@report{courtin_rapport_2019,
	title = {Rapport sur le développement du numérique au sein du Département des études et de la recherche, 2015-2022},
	url = {https://skylab.inha.fr/rapport2019/Rapport_CID_INHA_2015-2022.pdf},
	institution = {Institut national d'histoire de l'art},
	author = {Courtin, Antoine},
	urldate = {2024-06-05},
	date = {2019-09},
	keywords = {inha},
}

@online{carius_plateforme_2020,
	title = {Plateforme d’éditions enrichies à l’{INHA} : Premier point d’étape d’un projet en cours d’élaboration},
	url = {https://numrha.hypotheses.org/1107},
	shorttitle = {Plateforme d’éditions enrichies à l’{INHA}},
	abstract = {En 2020, l’{INHA} s’est engagé dans le projet ambitieux de produire une plateforme d’édition enrichie et augmentée pour des sources en histoire de l’art numérisées...},
	titleaddon = {Numérique et recherche en histoire de l'art},
	type = {Billet},
	author = {Carius, Jean-Christophe},
	urldate = {2024-06-01},
	date = {2020-06-18},
	langid = {french},
	doi = {10.58079/sgtx},
	note = {{ISSN}: 2739-607X},
	keywords = {inha},
	file = {Snapshot:C\:\\Users\\Pauline\\Zotero\\storage\\T67SD2LQ\\1107.html:text/html},
}

@article{wilkinson_fair_2016,
	title = {The {FAIR} Guiding Principles for scientific data management and stewardship},
	volume = {3},
	rights = {2016 The Author(s)},
	issn = {2052-4463},
	url = {https://www.nature.com/articles/sdata201618},
	doi = {10.1038/sdata.2016.18},
	abstract = {There is an urgent need to improve the infrastructure supporting the reuse of scholarly data. A diverse set of stakeholders—representing academia, industry, funding agencies, and scholarly publishers—have come together to design and jointly endorse a concise and measureable set of principles that we refer to as the {FAIR} Data Principles. The intent is that these may act as a guideline for those wishing to enhance the reusability of their data holdings. Distinct from peer initiatives that focus on the human scholar, the {FAIR} Principles put specific emphasis on enhancing the ability of machines to automatically find and use the data, in addition to supporting its reuse by individuals. This Comment is the first formal publication of the {FAIR} Principles, and includes the rationale behind them, and some exemplar implementations in the community.},
	pages = {160018},
	number = {1},
	journaltitle = {Scientific Data},
	shortjournal = {Sci Data},
	author = {Wilkinson, Mark D. and Dumontier, Michel and Aalbersberg, {IJsbrand} Jan and Appleton, Gabrielle and Axton, Myles and Baak, Arie and Blomberg, Niklas and Boiten, Jan-Willem and da Silva Santos, Luiz Bonino and Bourne, Philip E. and Bouwman, Jildau and Brookes, Anthony J. and Clark, Tim and Crosas, Mercè and Dillo, Ingrid and Dumon, Olivier and Edmunds, Scott and Evelo, Chris T. and Finkers, Richard and Gonzalez-Beltran, Alejandra and Gray, Alasdair J. G. and Groth, Paul and Goble, Carole and Grethe, Jeffrey S. and Heringa, Jaap and ’t Hoen, Peter A. C. and Hooft, Rob and Kuhn, Tobias and Kok, Ruben and Kok, Joost and Lusher, Scott J. and Martone, Maryann E. and Mons, Albert and Packer, Abel L. and Persson, Bengt and Rocca-Serra, Philippe and Roos, Marco and van Schaik, Rene and Sansone, Susanna-Assunta and Schultes, Erik and Sengstag, Thierry and Slater, Ted and Strawn, George and Swertz, Morris A. and Thompson, Mark and van der Lei, Johan and van Mulligen, Erik and Velterop, Jan and Waagmeester, Andra and Wittenburg, Peter and Wolstencroft, Katherine and Zhao, Jun and Mons, Barend},
	urldate = {2024-08-01},
	date = {2016-03-15},
	langid = {english},
	note = {Publisher: Nature Publishing Group},
	keywords = {divers},
	file = {Full Text PDF:C\:\\Users\\Pauline\\Zotero\\storage\\KDCJWKTV\\Wilkinson et al. - 2016 - The FAIR Guiding Principles for scientific data management and stewardship.pdf:application/pdf},
}

@online{inha_bibliotheque_nodate,
	title = {La Bibliothèque d'art et d'archéologie de Jacques Doucet : corpus, savoir et réseaux, [Présentation du programme de recherche]},
	url = {https://www.inha.fr/fr/recherche/le-departement-des-etudes-et-de-la-recherche/domaines-de-recherche/histoire-et-theorie-de-l-histoire-de-l-art-et-du-patrimoine/la-bibliotheque-d-art-et-d-archeologie-de-jacques-doucet.html},
	titleaddon = {Institut national d'histoire de l'art},
	author = {{INHA}},
	urldate = {2024-07-13},
	keywords = {inha},
}

@online{flejou_jacques_2015,
	title = {Jacques Doucet, aux origines de la bibliothèque},
	url = {https://blog.bibliotheque.inha.fr/fr/posts/jacques-doucet.html},
	titleaddon = {Bibliothèque de l'Institut national d'histoire de l'art},
	author = {Fléjou, Lucie},
	urldate = {2024-07-12},
	date = {2015-03-05},
	keywords = {inha},
}

@inbook{collectif_formations_2012,
	location = {Paris},
	title = {Formations et humanités numériques en France : Aurélien Berra et Florence Clavaud},
	rights = {https://creativecommons.org/licenses/by-sa/4.0/},
	isbn = {978-2-7351-1527-3},
	url = {https://books.openedition.org/editionsmsh/345},
	series = {La Non-Collection},
	shorttitle = {Formations et humanités numériques en France},
	abstract = {Dans cet atelier, il s’agit de faire avancer un projet d’enquête collective sur les formations intégrant des humanités numériques en France. Le point de départ sera l’état des lieux international des cursus en humanités numériques présenté à {DH} 2012 dans la table ronde « Digital Humanities as a university degree », organisée par M. Thaller et P. Sahle (18.07.2012). Pour la France, c’est Florence Clavaud, responsable du Master « Technologies numériques appliquées à l’histoire » à l’École nationale des chartes, qui a été contactée. L’atelier peut être l’occasion de contribuer à l’élaboration d’un questionnaire, de réfléchir aux modalités de sa diffusion et de comparer la situation française avec celle d’autres pays. Toutes les idées seront bienvenues.},
	booktitle = {{THATCamp} Paris 2012 : Non-actes de la non-conférence des humanités numériques},
	publisher = {Éditions de la Maison des sciences de l’homme},
	author = {Collectif},
	bookauthor = {Bertrand, Paul},
	urldate = {2024-07-22},
	date = {2012},
	langid = {french},
	doi = {10.4000/books.editionsmsh.345},
	note = {Code: {THATCamp} Paris 2012 : Non-actes de la non-conférence des humanités numériques},
	keywords = {dialogue},
	file = {Texte intégral:C\:\\Users\\Pauline\\Zotero\\storage\\L9TU54PM\\Collectif - 2012 - Formations et humanités numériques en France  Aurélien Berra et Florence Clavaud.pdf:application/pdf},
}

@article{jacquet-pfau_correcteurs_2001,
	title = {Correcteurs orthographiques et grammaticaux. Quel(s) outil(s) pour quel rédacteur ?},
	issn = {1386-1204},
	url = {https://shs.cairn.info/revue-francaise-de-linguistique-appliquee-2001-2-page-81?lang=fr&tab=resume},
	doi = {10.3917/rfla.062.0081},
	pages = {81--94},
	number = {2},
	journaltitle = {Revue française de linguistique appliquée},
	author = {Jacquet-Pfau, Christine},
	urldate = {2024-07-15},
	date = {2001},
	langid = {french},
	note = {Publisher: Publications linguistiques},
	keywords = {ia},
	file = {Full Text PDF:C\:\\Users\\Pauline\\Zotero\\storage\\4H2WK35Q\\Jacquet-Pfau - 2001 - Correcteurs orthographiques et grammaticaux. Quel(s) outil(s) pour quel rédacteur .pdf:application/pdf},
}

@inproceedings{pinche_atr_2024,
	title = {{ATR} et {SHS} en 2024 : Naviguer dans les océans de la reconnaissance automatique d’écriture},
	url = {https://cnrs.hal.science/hal-04586198},
	shorttitle = {{ATR} et {SHS} en 2024},
	eventtitle = {Journées annuelles du réseau Mate-{SHS} : Intelligence artificielle - applications et implications pour le métier d'ingénieur en {SHS}},
	author = {Pinche, Ariane},
	urldate = {2024-07-24},
	date = {2024-05-23},
	langid = {french},
	keywords = {ia},
	file = {Snapshot:C\:\\Users\\Pauline\\Zotero\\storage\\JFW2MJWK\\hal-04586198.html:text/html},
}

@report{bensamoun_rapport_2020,
	title = {Rapport final},
	url = {https://www.culture.gouv.fr/content/download/281441/file/CSPLA-Rapport-complet-IA-Culture_janv2020.pdf},
	institution = {Conseil supérieur de la propriété littéraire et artistique},
	author = {Bensamoun, Alexandra and Farchy, Joëlle and Schira, Paul-François},
	urldate = {2024-07-23},
	date = {2020-01-27},
	keywords = {ia},
}

@article{aubry_artificial_2021,
	title = {Artificial Intelligence and Art History: A Necessary Debate?},
	pages = {55--60},
	number = {87},
	journaltitle = {Histoire de l'art},
	author = {Aubry, Mathieu and Costiner, Lisandra and James, Stuart},
	urldate = {2024-04-16},
	date = {2021},
	keywords = {ia},
}

@incollection{grumbach_design_2023,
	location = {London and New York},
	title = {A Design Justice Approach to Creating Equitable Workshops},
	isbn = {978-1-03-229329-5},
	pages = {145--161},
	booktitle = {Digital Humanities Workshops - Lessons Learned},
	publisher = {Routledge - Taylor \& Francis Group},
	author = {Grumbach, Elizabeth and Keralis, Spencer D. C.},
	editor = {Estill, Laura and Guiliano, Jennifer},
	urldate = {2024-07-02},
	date = {2023},
	keywords = {design},
}

@article{bonfait_humanites_2021,
	title = {Humanités numériques et histoire de l'art en France : état de la recherche et perspectives},
	pages = {5--16},
	number = {87},
	journaltitle = {Histoire de l'art},
	author = {Bonfait, Olivier and Courtin, Antoine and Klammt, Anne},
	date = {2021},
	keywords = {hum\_num},
}

@article{chateau-dutier_editions_2021,
	title = {Des éditions numériques pour l'histoire de l'art : deux décennies d'expérimentations},
	pages = {77--90},
	number = {87},
	journaltitle = {Histoire de l'art},
	author = {Château-Dutier, Emmanuel},
	date = {2021},
	keywords = {edition},
}

@article{colonna_digital_2024,
	title = {Le Digital Muret, une édition numérique enrichie d'un recueil de dessins d'objets archéologiques du {XIXème} siècle},
	doi = {10.19282/ac.35.1.2024.00},
	pages = {9--27},
	journaltitle = {Archeologia e Calcolatori},
	author = {Colonna, Cécile and Nurra, Federico},
	date = {2024},
	keywords = {inha},
}

@article{drucker_is_2013,
	title = {Is There a "Digital" Art History?},
	volume = {29},
	doi = {10.1080/01973762.2013.761106},
	pages = {5--13},
	journaltitle = {Visual Resources: An International Journal of Documentation},
	author = {Drucker, Johanna},
	date = {2013},
	keywords = {hum\_num},
}

@unpublished{nurra_presentation_2023,
	title = {Présentation du Service numérique de la recherche de l'{INHA} 2023},
	author = {Nurra, Federico and Laborde, Pierre-Yves and Pochon, Chloé and Carius, Jean-Christophe and Kervegan, Paul},
	date = {2023-10-03},
	keywords = {inha},
}

@book{chapon_cetait_2006,
	title = {C'était Jacques Doucet},
	isbn = {978-2-213-63029-8},
	pagetotal = {527},
	publisher = {Fayard},
	author = {Chapon, François},
	date = {2006},
	keywords = {inha},
}

@misc{carius_principes_2024,
	title = {Principes de transcription et de mise en forme des manuscrits ({XIX}-{XXIème} siècle) [Document interne non publié]},
	author = {Carius, Jean-Christophe and Sarda, Marie-Anne},
	date = {2024},
	keywords = {inha},
}

@article{cugy_histoire_2020,
	title = {Une histoire de la Bibliothèque d'art et d'archéologie de Jacques Doucet},
	url = {https://www.lequotidiendelart.com/articles/18378-une-histoire-de-la-biblioth%C3%A8que-d-art-et-d-arch%C3%A9ologie-de-jacques-doucet.html},
	pages = {17--19},
	number = {2016},
	journaltitle = {L'Hebdo du Quotidien de l'Art},
	author = {Cugy, Pascale},
	urldate = {2024-07-12},
	date = {2020-09-25},
	keywords = {inha},
}

@article{earhart_digital_2012,
	title = {The Digital Edition and the Digital Humanities},
	volume = {7},
	url = {https://oaktrust.library.tamu.edu/server/api/core/bitstreams/46caf526-bf3b-4676-bd0f-87ea84bf4d92/content},
	pages = {18--28},
	journaltitle = {Textual Cultures},
	author = {Earhart, Amy A.},
	urldate = {2024-06-26},
	date = {2012},
	keywords = {edition},
}

@article{duval_pour_2017,
	title = {Pour des éditions numériques critiques. L’exemple des textes français},
	volume = {73},
	rights = {All rights reserved},
	issn = {0751-2708},
	url = {https://journals.openedition.org/medievales/8165},
	doi = {10.4000/medievales.8165},
	abstract = {Trente ans après les débuts de l’édition numérique de textes médiévaux en français, le bilan est maigre et les méthodes éditoriales privilégient les éditions documentaires, dans la tradition anglo-saxonne du scholarly documentary editing. Cette contribution voudrait sensibiliser les médiévistes francisants à l’intensité actuelle des débats théoriques consacrés à l’édition numérique et à la place que peut y trouver l’édition critique. Après une mise au point terminologique, elle revient sur les raisons qui expliquent le triomphe des éditions numériques orientées vers le document, avant de rappeler que le numérique ne modifie pas l’ontologie des textes et ne disqualifie pas l’approche de la critique textuelle. Au contraire, une complémentarité est à trouver entre éditions documentaires et éditions auctoriales.},
	pages = {13--29},
	number = {73},
	journaltitle = {Médiévales. Langues, Textes, Histoire},
	author = {Duval, Frédéric},
	urldate = {2024-07-05},
	date = {2017-12-15},
	langid = {french},
	note = {{ISBN}: 9782842928018
Number: 73
Publisher: Presses universitaires de Vincennes},
	keywords = {edition},
	file = {Full Text PDF:C\:\\Users\\Pauline\\Zotero\\storage\\QQTXXYRP\\Duval - 2017 - Pour des éditions numériques critiques. L’exemple des textes français.pdf:application/pdf},
}

@incollection{sahle_what_2016,
	location = {Cambridge, {UK}},
	edition = {Open Book Publishers},
	title = {What is a Scholarly Digital Edition?},
	isbn = {978-1-78374-240-0},
	url = {http://dx.doi.org/10.11647/OBP.0095.02},
	pages = {19--39},
	booktitle = {Digital Scholarly Editing, Theories and Practices},
	author = {Sahle, Patrick},
	editor = {Driscoll, Matthew James and Pierazzo, Elena},
	date = {2016},
	keywords = {edition},
}

@article{masai_principes_1950,
	title = {Principes et conventions de l'édition diplomatique},
	volume = {4},
	rights = {free},
	url = {https://www.persee.fr/doc/scrip_0036-9772_1950_num_4_2_2294},
	doi = {10.3406/scrip.1950.2294},
	pages = {177--193},
	number = {2},
	journaltitle = {Scriptorium},
	author = {Masai, François},
	urldate = {2024-07-22},
	date = {1950},
	note = {Company: Persée - Portail des revues scientifiques en {SHS}
Distributor: Persée - Portail des revues scientifiques en {SHS}
Institution: Persée - Portail des revues scientifiques en {SHS}
Label: Persée - Portail des revues scientifiques en {SHS}
Publisher: Centre d'Etudes des Manuscrits},
	keywords = {edition},
}

@online{poupeau_ledition_2008,
	title = {L'édition critique des sources historiques : du support papier au Web},
	url = {https://www.lespetitescases.net/node/1088},
	titleaddon = {Les petites cases},
	author = {Poupeau, Gautier},
	urldate = {2024-06-11},
	date = {2008-07-31},
	keywords = {edition},
}

@article{dufournaud_humanites_2014,
	title = {Des humanités aux données. Méthodes en histoire à l'ère du numérique, témoignage d'une e-historienne},
	volume = {10},
	issn = {1622-1494},
	url = {https://shs.cairn.info/revue-les-cahiers-du-numerique-2014-3-page-73?lang=fr&tab=resume},
	doi = {10.3166/LCN.10.3.73-88},
	pages = {73--88},
	number = {3},
	journaltitle = {Les Cahiers du numérique},
	author = {Dufournaud, Nicole},
	urldate = {2024-07-16},
	date = {2014-09-29},
	langid = {french},
	note = {Publisher: {JLE} Editions},
	keywords = {hum\_num},
	file = {Full Text PDF:C\:\\Users\\Pauline\\Zotero\\storage\\Y4QRDNSK\\Dufournaud - 2014 - Des humanités aux données. Méthodes en histoire à l'ère du numérique, témoignage d'une e-historienne.pdf:application/pdf},
}

@inproceedings{boros_post-correction_2024,
	title = {Post-correction of Historical Text Transcripts with Large Language Models: An Exploratory Study},
	url = {https://infoscience.epfl.ch/handle/20.500.14299/203985},
	shorttitle = {Post-correction of Historical Text Transcripts with Large Language Models},
	abstract = {The quality of automatic transcription of heritage documents, whether from printed, manuscripts or audio sources, has a decisive impact on the ability to search and process historical texts. Although significant progress has been made in text recognition ({OCR}, {HTR}, {ASR}), textual materials derived from library and archive collections remain largely erroneous and noisy. Effective post-transcription correction methods are therefore necessary and have been intensively researched for many years. As large language models ({LLMs}) have recently shown exceptional performances in a variety of text-related tasks, we investigate their ability to amend poor historical transcriptions. We evaluate fourteen foundation language models against various post-correction benchmarks comprising different languages, time periods and document types, as well as different transcription quality and origins. We compare the performance of different model sizes and different prompts of increasing complexity in zero and few-shot settings. Our evaluation shows that {LLMs} are anything but efficient at this task. Quantitative and qualitative analyses of results allow us to share valuable insights for future work on post-correcting historical texts with {LLMs}.},
	eventtitle = {The 8th Joint {SIGHUM} Workshop on Computational Linguistics for Cultural Heritage, Social Sciences, Humanities and Literature},
	pages = {133--159},
	booktitle = {Proceedings of the 8th Joint {SIGHUM} Workshop on Computational Linguistics for Cultural Heritage, Social Sciences, Humanities and Literature ({LaTeCH}-{CLfL} 2024)},
	publisher = {Association for Computational Linguistics},
	author = {Boros, Emanuela and Ehrmann, Maud and Romanello, Matteo and Najem-Meyer, Sven and Kaplan, Frédéric},
	urldate = {2024-07-11},
	date = {2024-02-18},
	langid = {french},
	keywords = {ia},
	file = {Full Text PDF:C\:\\Users\\Pauline\\Zotero\\storage\\HMM8AZYL\\Boros et al. - 2024 - Post-correction of Historical Text Transcripts with Large Language Models An Exploratory Study.pdf:application/pdf},
}

@online{lemny__2017,
	title = {« L’historien de demain sera programmeur…» Emmanuel Le Roy Ladurie et les défis de la science},
	url = {https://histoirebnf.hypotheses.org/1505},
	abstract = {Cet article résume la conférence « “L’historien de demain sera programmeur…” Emmanuel Le Roy Ladurie et les défis de la science » présentée le 7 octobre 2017 lors des Rendez-vous de l’Histoire de Blois,  et s’inscrit ainsi dans la droite ligne du thème de la 20e édition « Eurêka – inventer, découvrir,...},
	titleaddon = {L'Histoire à la {BnF}},
	type = {Billet},
	author = {Lemny, Stefan},
	urldate = {2024-07-18},
	date = {2017-12-28},
	langid = {french},
	doi = {10.58079/pmos},
	note = {{ISSN}: 2555-1434},
	keywords = {hum\_num},
	file = {Snapshot:C\:\\Users\\Pauline\\Zotero\\storage\\5E2RZWUN\\1505.html:text/html},
}

@online{das_building_2024,
	title = {The Building Blocks of {LLMs}: Vectors, Tokens and Embeddings},
	url = {https://medium.com/@cloudswarup/the-building-blocks-of-llms-vectors-tokens-and-embeddings-1cd61cd20e35},
	shorttitle = {The Building Blocks of {LLMs}},
	abstract = {When you are dealing with {LLMs}, you often come across the terms “vectors,” “tokens” and “embeddings.” It’s important to thoroughly…},
	titleaddon = {Medium},
	author = {Das, Swarup},
	urldate = {2024-07-27},
	date = {2024-04-09},
	langid = {english},
	keywords = {ia},
	file = {Snapshot:C\:\\Users\\Pauline\\Zotero\\storage\\VP527IQS\\the-building-blocks-of-llms-vectors-tokens-and-embeddings-1cd61cd20e35.html:text/html},
}

@online{aryani_8_2023,
	title = {8 Types of Prompt Engineering},
	url = {https://medium.com/@amiraryani/8-types-of-prompt-engineering-5322fff77bdf},
	abstract = {Prompt engineering is a technique used to effectively communicate with large language models ({LLM}).},
	titleaddon = {Medium},
	author = {Aryani, Amir},
	urldate = {2024-07-18},
	date = {2023-12-02},
	langid = {english},
	keywords = {ia},
	file = {Snapshot:C\:\\Users\\Pauline\\Zotero\\storage\\698VERE4\\8-types-of-prompt-engineering-5322fff77bdf.html:text/html},
}

@online{carius_ledition_2022,
	title = {L’édition Karbowsky : une évocation historique et numérique d’un lieu de collections disparu},
	url = {https://numrha.hypotheses.org/4911},
	shorttitle = {L’édition Karbowsky},
	abstract = {Début 2020, l’{INHA} s’engage dans une démarche de recherche et développement autour d’un projet de plateforme d’éditions numériques de sources enrichies ({PENSE}). L’objectif est de...},
	titleaddon = {Numérique et recherche en histoire de l'art},
	type = {Billet},
	author = {Carius, Jean-Christophe},
	urldate = {2024-06-08},
	date = {2022-07-01},
	langid = {french},
	doi = {10.58079/sgvi},
	note = {{ISSN}: 2739-607X},
	keywords = {inha},
	file = {Snapshot:C\:\\Users\\Pauline\\Zotero\\storage\\W6RS4AVA\\4911.html:text/html},
}

@inproceedings{martin_camembert_2020,
	title = {{CamemBERT}: a Tasty French Language Model},
	url = {http://arxiv.org/abs/1911.03894},
	doi = {10.18653/v1/2020.acl-main.645},
	shorttitle = {{CamemBERT}},
	abstract = {Pretrained language models are now ubiquitous in Natural Language Processing. Despite their success, most available models have either been trained on English data or on the concatenation of data in multiple languages. This makes practical use of such models --in all languages except English-- very limited. In this paper, we investigate the feasibility of training monolingual Transformer-based language models for other languages, taking French as an example and evaluating our language models on part-of-speech tagging, dependency parsing, named entity recognition and natural language inference tasks. We show that the use of web crawled data is preferable to the use of Wikipedia data. More surprisingly, we show that a relatively small web crawled dataset (4GB) leads to results that are as good as those obtained using larger datasets (130+{GB}). Our best performing model {CamemBERT} reaches or improves the state of the art in all four downstream tasks.},
	pages = {7203--7219},
	booktitle = {Proceedings of the 58th Annual Meeting of the Association for Computational Linguistics},
	author = {Martin, Louis and Muller, Benjamin and Suárez, Pedro Javier Ortiz and Dupont, Yoann and Romary, Laurent and de la Clergerie, Éric Villemonte and Seddah, Djamé and Sagot, Benoît},
	urldate = {2024-07-12},
	date = {2020},
	eprinttype = {arxiv},
	eprint = {1911.03894 [cs]},
	keywords = {ia},
	file = {arXiv Fulltext PDF:C\:\\Users\\Pauline\\Zotero\\storage\\7ZI2DHRX\\Martin et al. - 2020 - CamemBERT a Tasty French Language Model.pdf:application/pdf;arXiv.org Snapshot:C\:\\Users\\Pauline\\Zotero\\storage\\QZKNBECP\\1911.html:text/html},
}

@inproceedings{papineni_bleu_2002,
	location = {Philadelphia, Pennsylvania, {USA}},
	title = {Bleu: a Method for Automatic Evaluation of Machine Translation},
	url = {https://aclanthology.org/P02-1040},
	doi = {10.3115/1073083.1073135},
	shorttitle = {Bleu},
	eventtitle = {{ACL} 2002},
	pages = {311--318},
	booktitle = {Proceedings of the 40th Annual Meeting of the Association for Computational Linguistics},
	publisher = {Association for Computational Linguistics},
	author = {Papineni, Kishore and Roukos, Salim and Ward, Todd and Zhu, Wei-Jing},
	editor = {Isabelle, Pierre and Charniak, Eugene and Lin, Dekang},
	urldate = {2024-08-02},
	date = {2002-07},
	keywords = {ia},
	file = {Full Text PDF:C\:\\Users\\Pauline\\Zotero\\storage\\4IBSSJ6L\\Papineni et al. - 2002 - Bleu a Method for Automatic Evaluation of Machine Translation.pdf:application/pdf},
}

@inproceedings{lin_rouge_2004,
	location = {Barcelona, Spain},
	title = {{ROUGE}: A Package for Automatic Evaluation of Summaries},
	url = {https://aclanthology.org/W04-1013},
	shorttitle = {{ROUGE}},
	pages = {74--81},
	booktitle = {Text Summarization Branches Out},
	publisher = {Association for Computational Linguistics},
	author = {Lin, Chin-Yew},
	urldate = {2024-09-02},
	date = {2004-07},
	keywords = {ia},
	file = {Full Text PDF:C\:\\Users\\Pauline\\Zotero\\storage\\8EX9DHKK\\Lin - 2004 - ROUGE A Package for Automatic Evaluation of Summaries.pdf:application/pdf},
}

@online{inha_a_2022,
	title = {À propos},
	url = {https://digitalmuret.inha.fr/s/accueil-muret/page/about},
	titleaddon = {Digital Muret \& Collection Muret ·},
	author = {{INHA} and {BnF}},
	urldate = {2024-08-02},
	date = {2022},
	keywords = {inha},
	file = {À propos · Digital Muret & Collection Muret · Digital Muret:C\:\\Users\\Pauline\\Zotero\\storage\\KMKJ27EA\\about.html:text/html},
}

@online{noauthor_architrave_nodate,
	title = {Architrave},
	url = {https://www.architrave.eu/index.html},
	urldate = {2024-08-01},
	keywords = {edition},
	file = {Architrave:C\:\\Users\\Pauline\\Zotero\\storage\\8VYUASKY\\index.html:text/html},
}

@online{noauthor_startseite_nodate,
	title = {Startseite : {DER} {STURM}. Digitale Quellenedition zur Geschichte der internationalen Avantgarde},
	url = {https://sturm-edition.de/},
	urldate = {2024-07-08},
	keywords = {edition},
	file = {Startseite \: DER STURM. Digitale Quellenedition zur Geschichte der internationalen Avantgarde:C\:\\Users\\Pauline\\Zotero\\storage\\IRVARHDQ\\sturm-edition.de.html:text/html},
}

@online{inha_papiers_nodate,
	title = {Les papiers Antoine-Louis Barye - Une édition numérique enrichie},
	url = {https://barye.inha.fr/},
	author = {{INHA}},
	urldate = {2024-09-20},
	keywords = {inha},
	file = {Les papiers Barye /:C\:\\Users\\Pauline\\Zotero\\storage\\ZKTC795J\\barye.inha.fr.html:text/html},
}

@online{inha_decors_nodate,
	title = {Les décors Karbowsky - 19 rue Spontini, Paris l’hôtel particulier de Jacques Doucet},
	url = {https://karbowsky.inha.fr/},
	author = {{INHA}},
	urldate = {2024-07-12},
	keywords = {inha},
	file = {Les décors Karbowsky - 19 rue Spontini, Paris l’hôtel particulier de Jacques Doucet:C\:\\Users\\Pauline\\Zotero\\storage\\5I7WWZTY\\karbowsky.inha.fr.html:text/html},
}

@online{noauthor_recognition_2015,
	title = {Recognition and Enrichment of Archival Documents {\textbar} {READ} Project {\textbar} Fact Sheet {\textbar} H2020},
	url = {https://cordis.europa.eu/project/id/674943/fr},
	abstract = {"The overall objective of {READ} is to implement a Virtual Research Environment where archivists, humanities scholars, computer scientists and volunteers are collaborating with the ultimate goal of boosting research, innovation, development and usage of cutting edge technology...},
	titleaddon = {{CORDIS} {\textbar} European Commission},
	urldate = {2024-07-20},
	date = {2015},
	langid = {french},
	keywords = {edition},
	file = {Snapshot:C\:\\Users\\Pauline\\Zotero\\storage\\PBMHEINR\\fr.html:text/html},
}

@article{tei_consortium_tei_2023,
	title = {{TEI} P5: Guidelines for Electronic Text Encoding and Interchange},
	rights = {{BSD} 2-Clause "Simplified" License, Creative Commons Attribution 3.0 Unported},
	url = {https://zenodo.org/doi/10.5281/zenodo.3413524},
	doi = {10.5281/ZENODO.3413524},
	shorttitle = {{TEI} P5},
	abstract = {Release 4.7.0 is codenamed 'in nova fert animus'.
This release introduces new features and resolves a number of issues raised by the {TEI} community. As always, the majority of these changes and corrections are a consequence of feature requests or bugs reported by the {TEI} community using the {GitHub} tracking system. A full list of the issues resolved in the course of this release cycle may be found under the 4.7.0 milestone.
The following changes are particularly worth highlighting in this release:
New encoding features

New with this release is the {eventName} element, which may be used to encode names of events in general transcribed text, or in the event element. The new {eventName} element also has membership in several attribute classes associated with named entities, including att.datable to supply a date range for the use of an event's name, and att.typed, allowing it type and subtypeattributes. It is also a member of att.{editLike}, giving it the evidence attribute (\#2382).
The content model of event has been modified to contain {eventName} elements, but still allows older ways of labeling events. See {PR} \#2483.
The taxonomy and category elements are now added to att.datcat (\#2419).
 
Changes to content models

The content model of content has been changed to permit only one child element from model.{contentPart} (\#2381).
At the request of the Manuscript {SIG}, the content model of additional is now more flexible, permitting any alternation of model.{pLike} (p or ab) instead of zero or one each of {adminInfo}, surrogates, or {listBibl} (\#2195).
The content model of {revisionDesc} now permits multiple {listChange} elements (\#2420).
A Schematron constraint has been added to the specification for {dataSpec} in order to prevent the possibility of elements being included in the specification for an attribute's datatype ({PR} \#2443and \#2426).
A scheme attribute is now optional on a {constraintSpec} with a mode of either "change" or "delete" (it is still required when mode is "add", "replace", or unspecified — see {PR} \#2453 and \#2261).
The datatype of the class attribute on {attRef} has been changed from teidata.word to teidata.name (\#2276).
 
With these release notes we are beginning a practice of documenting changes that could invalidate {ODD} customizations in {TEI} projects if they are working with the current release of these {TEI} Guidelines. Those maintaining {ODD} customizations of the {TEI} may want to be aware of the following changes and adapt your {ODD} files accordingly.
{ODD}-breaking changes and deprecation

The calendar attribute has been removed from att.datable because it is supposed to designate information about a date represented in an element's contents, and thus should not be applied to elements that do not contain dates. To clarify its intended usage, calendar has been moved to a new class, att.{calendarSystem}, and its use is now deprecated on many elements. The calendarattribute is now properly available only on date, time, {origDate}, and {docDate}. See \#2045.
Improvements of prose and examples

The title of the Guidelines section 2.2.8 has been changed to more accurately reflect its content (\#2415).
Several revisions were applied to the explanation of {TEI} {XPointer} Schemas in the Guidelines section 16.2.4 (\#2083).
A new example was added for {langKnown} (\#2139).
The examples for use of the key attribute are updated and a source attribution corrected (\#2144).
Several Japanese translations have been added to element, attribute, and class specifications ({PRs} \#2448, \#2449, and \#2461).
Inconsistencies have been corrected in initial capitalization and initial spacing of the French descriptions in element specifications (\#2486)
Descriptions of the ident and usage attributes on the language element have been improved (\#2447).
 
Housekeeping

Bugs have been corrected in the processing of Guidelines release notes to {HTML} (\#2070).
The version 'P5' is now properly represented in footers and headings of the published {TEI} Guidelines on the web (\#2413).
Bookmark links on examples in the Guidelines now feature mouseover text (\#2137).
In addition, many improvements have been made to the {XSLT} stylesheets (which provide processing of {TEI} {ODD} files for Roma and {TEIGarage} as well as other {TEI} conversions). The Stylesheets are maintained separately from the Guidelines at https://github.com/{TEIC}/Stylesheets. A full list of the issues resolved in the course of this release cycle may be found under the 7.56.0 milestone.},
	author = {{TEI} Consortium},
	urldate = {2024-07-14},
	date = {2023-11-16},
	langid = {english},
	note = {Publisher: Zenodo
Version Number: v4.7.0},
	keywords = {edition},
}

@online{alexander_huber_thomas_2000,
	title = {Thomas Gray Archive},
	url = {https://www.thomasgray.org/},
	titleaddon = {Thomas Gray Archive},
	author = {{Alexander Huber}},
	urldate = {2024-07-01},
	date = {2000},
	keywords = {edition},
	file = {Thomas Gray Archive \: Home:C\:\\Users\\Pauline\\Zotero\\storage\\9V39NU9K\\www.thomasgray.org.html:text/html},
}

@article{jeffries_how_2014,
	title = {How the web lost its way – and its founding principles},
	issn = {0261-3077},
	url = {https://www.theguardian.com/technology/2014/aug/24/internet-lost-its-way-tim-berners-lee-world-wide-web},
	abstract = {When Tim Berners-Lee invented the world wide web 24 years ago he thought he'd created an egalitarian tool that shared information for the greater good. But it hasn't quite worked out like that. What went wrong, asks Stuart Jeffries},
	journaltitle = {The Guardian},
	author = {Jeffries, Stuart},
	urldate = {2024-07-18},
	date = {2014-08-24},
	langid = {british},
	keywords = {divers},
	file = {Snapshot:C\:\\Users\\Pauline\\Zotero\\storage\\JSVWVYPA\\internet-lost-its-way-tim-berners-lee-world-wide-web.html:text/html},
}

@online{noauthor_ethical_nodate,
	title = {Ethical Web Principles},
	url = {https://www.w3.org/TR/ethical-web-principles/#principles},
	urldate = {2024-08-02},
	keywords = {divers},
	file = {Ethical Web Principles:C\:\\Users\\Pauline\\Zotero\\storage\\I7URBKRF\\ethical-web-principles.html:text/html},
}

@online{inha_presentation_nodate,
	title = {Présentation de l'Institut national d'histoire de l'art - {INHA}},
	url = {https://www.inha.fr/fr/l-institut.html},
	titleaddon = {Site de l'Institut national d'histoire de l'art},
	author = {{INHA}},
	urldate = {2024-08-02},
	keywords = {inha},
}

@online{inha_organisation_nodate,
	title = {Organisation et instances - {INHA}},
	url = {https://www.inha.fr/fr/l-institut/missions-et-gouvernance/organisation-et-instances.html},
	titleaddon = {Site de l'Institut national d'histoire de l'art},
	author = {{INHA}},
	urldate = {2024-08-02},
	keywords = {inha},
}

@online{inha_departement_2021,
	title = {Le Département de la Bibliothèque et de la Documentation ({DBD}) - {INHA}},
	url = {https://www.inha.fr/fr/l-institut/missions-et-gouvernance/organisation-et-instances/dbd.html},
	titleaddon = {Site de l'Institut national d'histoire de l'art},
	author = {{INHA}},
	urldate = {2024-06-16},
	date = {2021-04-20},
	keywords = {inha},
}

@online{inha_departement_nodate,
	title = {Le Département des Etudes et de la Recherche ({DER}) - {INHA}},
	url = {https://www.inha.fr/fr/l-institut/missions-et-gouvernance/organisation-et-instances/der.html},
	titleaddon = {Site de l'Institut national d'histoire de l'art},
	author = {{INHA}},
	urldate = {2024-08-05},
	keywords = {inha},
}

@online{inha_service_nodate,
	title = {Service numérique de la recherche - {INHA}},
	url = {https://www.inha.fr/fr/recherche/le-departement-des-etudes-et-de-la-recherche/service-numerique-de-la-recherche.html},
	titleaddon = {Site de l'Institut national d'histoire de l'art},
	author = {{INHA}},
	urldate = {2024-07-18},
	keywords = {inha},
}

@online{inha_digital_nodate,
	title = {Digital Montagny - {INHA}},
	url = {https://www.inha.fr/fr/ressources/publications/publications-numeriques/digital-montagny.html},
	titleaddon = {Site de l'Institut national d'histoire de l'art},
	author = {{INHA}},
	urldate = {2024-08-02},
	keywords = {inha},
}

@online{inha_edition_nodate,
	title = {Édition numérique enrichie des papiers Antoine-Louis Barye - {INHA}},
	url = {https://www.inha.fr/fr/recherche/le-departement-des-etudes-et-de-la-recherche/domaines-de-recherche/histoire-de-l-art-du-xviiie-au-xxie-siecle/partenariat-institut-francais.html},
	titleaddon = {Site de l'Institut national d'histoire de l'art},
	author = {{INHA}},
	urldate = {2024-07-15},
	keywords = {inha},
}

@online{noauthor_basexgui_2019,
	title = {Basexgui - {XML} database system and {XPath}/{XQuery} processor (graphical mode)},
	url = {https://manpages.ubuntu.com/manpages/focal/en/man1/basexgui.1.html},
	titleaddon = {Ubuntu Manpage},
	urldate = {2024-09-17},
	date = {2019},
	keywords = {divers},
	file = {Ubuntu Manpage\: basexgui - XML database system and XPath/XQuery processor (graphical mode):C\:\\Users\\Pauline\\Zotero\\storage\\WQ4JZHRM\\basexgui.1.html:text/html},
}

@online{initiative_wai_wai-aria_nodate,
	title = {{WAI}-{ARIA} Overview},
	url = {https://www.w3.org/WAI/standards-guidelines/aria/},
	abstract = {Accessibility resources free online from the international standards organization: W3C Web Accessibility Initiative ({WAI}).},
	titleaddon = {Web Accessibility Initiative ({WAI})},
	author = {Initiative ({WAI}), W3C Web Accessibility},
	urldate = {2024-08-06},
	langid = {english},
	keywords = {divers},
	file = {Snapshot:C\:\\Users\\Pauline\\Zotero\\storage\\VIILRIXW\\aria.html:text/html},
}

@online{faulkner_using_2018,
	title = {Using {ARIA} - W3C Working Draft},
	url = {https://www.w3.org/TR/using-aria/#intro},
	author = {Faulkner, Steve and {MacDonald}, David},
	urldate = {2024-07-22},
	date = {2018},
	keywords = {divers},
	file = {Using ARIA:C\:\\Users\\Pauline\\Zotero\\storage\\FNVDDZG8\\using-aria.html:text/html},
}

@online{noauthor_aria_2024,
	title = {{ARIA} - Accessibilité {\textbar} {MDN}},
	url = {https://developer.mozilla.org/fr/docs/Web/Accessibility/ARIA},
	abstract = {Accessible Rich Internet Applications ({ARIA}) (qu'on pourrait traduire par « applications internet riches et accessibles ») est un ensemble de rôles et d'attributs d'attributs qui définissent comment rendre le contenu et les applications web accessibles (notamment ceux développés avec {JavaScript}) pour les personnes avec des handicaps.},
	urldate = {2024-09-10},
	date = {2024-08-08},
	langid = {french},
	keywords = {divers},
	file = {Snapshot:C\:\\Users\\Pauline\\Zotero\\storage\\MS2AGJDC\\ARIA.html:text/html},
}

@online{inha_edition_nodate-1,
	title = {Édition numérique du Fonds Pressouyre - Projet d’édition des fiches de fouilles du Cloître de Notre-Dame-en-Vaux},
	url = {https://pense.inha.fr/FondsPressouyre/},
	author = {{INHA}},
	urldate = {2024-08-15},
	keywords = {inha},
	file = {Édition Fonds Pressouyre:C\:\\Users\\Pauline\\Zotero\\storage\\F4TTN7LP\\FondsPressouyre.html:text/html},
}

@online{inha_dessins_nodate,
	title = {Dessins d’antiques rassemblés par Désiré Raoul-Rochette (Ms 461)},
	url = {https://basex.inha.fr/AlbumRaoulRochette/Donnees},
	titleaddon = {[Prototype d'édition numérique]},
	author = {{INHA}},
	urldate = {2024-06-15},
	keywords = {inha},
}

@online{inha_fonds_nodate,
	title = {Fonds Thierry / Corpus},
	url = {https://basex.inha.fr/FondsThierry},
	titleaddon = {[Prototype d'édition numérique]},
	author = {{INHA}},
	urldate = {2024-07-20},
	keywords = {inha},
	file = {Fonds Thierry / Corpus:C\:\\Users\\Pauline\\Zotero\\storage\\9ZYMZMXV\\FondsThierry.html:text/html},
}

@online{inha_lettres_nodate,
	title = {Lettres de Jacques Doucet à René Jean, 1908-1929 - A propos},
	url = {https://skylab.inha.fr/PENSE/LettresDeJacquesDoucetAReneJean1908-1929/A-propos},
	author = {{INHA}},
	urldate = {2024-07-08},
	keywords = {inha},
	file = {INHA - Lettres de Jacques Doucet à René Jean, 1908-1929 - A-propos:C\:\\Users\\Pauline\\Zotero\\storage\\F536XZ9G\\A-propos.html:text/html},
}

@online{inha_visualisation_nodate,
	title = {Visualisation de l'information - {INHA}},
	url = {https://www.inha.fr/fr/recherche/le-departement-des-etudes-et-de-la-recherche/service-numerique-de-la-recherche/visualisation-de-l-information/visualisation-de-l-information-1.html},
	abstract = {La gestion documentaire, les méthodes numériques appliquées à l’histoire de l’art et l’ouverture des données de la recherche sont au centre des enjeux de l’{INHA}.},
	titleaddon = {Site de l'Institut national d'histoire de l'art},
	author = {{INHA}},
	urldate = {2024-07-12},
	langid = {french},
	keywords = {dataviz},
	file = {Snapshot:C\:\\Users\\Pauline\\Zotero\\storage\\EIBRS4G9\\politiques-numeriques-recherche.html:text/html},
}

@online{noauthor_chronologie_nodate,
	title = {Chronologie Jacques Doucet [Prototype]},
	url = {https://basex.inha.fr/LettresDoucetReneJean/timeline},
	urldate = {2024-07-25},
	keywords = {dataviz},
	file = {Chronologie Jacques Doucet:C\:\\Users\\Pauline\\Zotero\\storage\\R7Z37Y9Q\\timeline.html:text/html},
}

@online{noauthor_carte_nodate,
	title = {Carte des lieux cités dans la correspondance Jacques Doucet - René-Jean [Prototype]},
	url = {https://basex.inha.fr/LettresDoucetReneJean/map},
	urldate = {2024-07-25},
	keywords = {dataviz},
	file = {Carte des lieux cités dans la correspondance Jacques Doucet - René-Jean:C\:\\Users\\Pauline\\Zotero\\storage\\L6GW6BWE\\map.html:text/html},
}

@misc{inha_schema_nodate,
	title = {Schéma - Modèle Transkribus},
	url = {https://skylab.inha.fr/EditionsEnrichies/Documents/Schema-Modele-Transkribus.pdf},
	author = {{INHA}},
	urldate = {2024-07-16},
	keywords = {inha},
}

@online{noauthor_pour_nodate,
	title = {Pour la recherche},
	url = {https://www.transkribus.org/fr/pour-la-recherche},
	titleaddon = {Site de Transkribus},
	urldate = {2024-07-05},
	langid = {english},
	keywords = {edition},
	file = {Snapshot:C\:\\Users\\Pauline\\Zotero\\storage\\6AKFT5BU\\pour-la-recherche.html:text/html},
}

@misc{tge-adonis_guide_2009,
	title = {Le Guide des Bonnes Pratiques Numériques v1},
	url = {https://listes.services.cnrs.fr/wws/arc/athena/2010-02/msg00023/pdf_GuideBonnesPratiques_TGE-ADONIS_version1_2009-12.pdf},
	author = {{Tge-Adonis}},
	urldate = {2024-07-16},
	date = {2009-12},
	keywords = {divers},
}

@online{inha_sur_nodate,
	title = {Sur la piste des oeuvres antiques},
	url = {https://ventesdantiques.inha.fr/},
	abstract = {Découvrez le parcours d’œuvre de leur création à leur exposition},
	titleaddon = {Ventes d'antiques},
	author = {{INHA}},
	urldate = {2024-09-05},
	keywords = {inha},
	file = {Snapshot:C\:\\Users\\Pauline\\Zotero\\storage\\5H69R5K6\\ventesdantiques.inha.fr.html:text/html},
}

@online{courtin_reseaux_nodate,
	title = {Réseaux des acteurs de 1715 ventes de 1940 à 1945 [prototype]},
	url = {https://skylab.inha.fr/Acteurs_Marche_FrancoAllemand/network/},
	author = {Courtin, Antoine},
	urldate = {2024-07-19},
	keywords = {inha},
	file = {OII Network Visualisation Example:C\:\\Users\\Pauline\\Zotero\\storage\\C76HU367\\network.html:text/html},
}

@online{inha_repertoire_nodate,
	title = {Répertoire des acteurs du marché de l'art en France sous l'Occupation ({RAMA}) - {INHA}},
	url = {https://www.inha.fr/fr/recherche/le-departement-des-etudes-et-de-la-recherche/domaines-de-recherche/histoire-des-collections-histoire-des-institutions-artistiques-et-culturelles-economie-de-l-art/repertoire-des-acteurs-du-marche-de-l-art-en-france-sous-l-occupation-rama.html},
	titleaddon = {Site de l'Institut national d'histoire de l'art},
	author = {{INHA}},
	urldate = {2024-07-05},
	keywords = {inha},
}

@online{inha_repertoire_nodate-1,
	title = {Répertoire des tableaux italiens dans les collections publiques françaises ({RETIF}) - {INHA}},
	url = {https://www.inha.fr/fr/recherche/le-departement-des-etudes-et-de-la-recherche/domaines-de-recherche/histoire-des-collections-histoire-des-institutions-artistiques-et-culturelles-economie-de-l-art/repertoire-des-tableaux-italiens-dans-les-collections-publiques-francaises-retif.html},
	titleaddon = {Site de l'Institut national d'histoire de l'art},
	author = {{INHA}},
	urldate = {2024-08-16},
	keywords = {inha},
}

@online{inha_produire_nodate,
	title = {Produire des sources numériques enrichies - {INHA}},
	url = {https://www.inha.fr/fr/recherche/le-departement-des-etudes-et-de-la-recherche/service-numerique-de-la-recherche/produire-des-sources-numeriques-enrichies.html},
	titleaddon = {Site de l'Institut national d'histoire de l'art},
	author = {{INHA}},
	urldate = {2024-07-19},
	keywords = {inha},
}

@online{farthouat_creation_2024,
	title = {Création du consortium-{HN} {pictorIA}},
	url = {https://www.mshmondes.cnrs.fr/creation-du-consortium-hn-pictoria/},
	abstract = {Le consortium-{HN} {pictorIA} est dédié à l’analyse de corpus visuels numériques en sciences humaines et sociales par le biais d’outils d’intelligence artificielle. Porté par la Maison des Sciences de l’Homme Mondes, et s’inscrivant dans la continuité des initiatives du Labex Les Passés dans le Présent, {pictorIA} vise à fédérer les recherches interdisciplinaires autour de la […]},
	titleaddon = {{MSH} Mondes},
	author = {Farthouat, Colombe},
	urldate = {2024-09-19},
	date = {2024},
	langid = {french},
	keywords = {ia},
	file = {Snapshot:C\:\\Users\\Pauline\\Zotero\\storage\\KMKJSFZZ\\creation-du-consortium-hn-pictoria.html:text/html},
}

@online{noauthor_txm_2019,
	title = {{TXM}},
	url = {https://wiki.tei-c.org/index.php/TXM},
	titleaddon = {{TEIWiki}},
	urldate = {2024-07-16},
	date = {2019},
	keywords = {ia},
	file = {TXM - TEIWiki:C\:\\Users\\Pauline\\Zotero\\storage\\ETTHF3BW\\TXM.html:text/html},
}

@online{inha_editions_nodate,
	title = {Éditions - {INHA}},
	url = {https://www.inha.fr/fr/ressources/publications.html},
	titleaddon = {Site de l'Institut national d'histoire de l'art},
	author = {{INHA}},
	urldate = {2024-09-06},
	keywords = {inha},
}

@online{daniel_digital_2014,
	title = {Digital Mellini, expérimenter un Scholars' Workspace},
	url = {http://johannadaniel.fr/isidoreganesh/2014/08/digital-mellini/},
	abstract = {Digital Mellini, projet du Getty Research Institute. Edition numérique d'un inventaire manuscrit de 1681. Création d'une plateforme de travail collaborative},
	titleaddon = {Isidore et Ganesh},
	author = {Daniel, Johanna},
	urldate = {2024-09-10},
	date = {2014-08-20},
	langid = {french},
	note = {Section: Corpus numérisés},
	keywords = {edition},
	file = {Snapshot:C\:\\Users\\Pauline\\Zotero\\storage\\RZFLVVC6\\digital-mellini.html:text/html},
}

@unpublished{perrin_tutoriel_2019,
	title = {Tutoriel Transkribus},
	url = {https://hal.science/hal-02472234},
	abstract = {Tutoriel établi dans le cadre du projet de transcription collaborative d'archives archéologiques "Bulliot, Bibracte et moi"
https://bbm.hypotheses.org/},
	author = {Perrin, Emmanuelle},
	urldate = {2024-09-18},
	date = {2019-11},
	keywords = {edition},
	file = {HAL PDF Full Text:C\:\\Users\\Pauline\\Zotero\\storage\\NZCLDLJN\\Perrin - 2019 - Tutoriel Transkribus.pdf:application/pdf},
}

@online{tei_consortium_tei_2024,
	title = {{TEI} element {correspDesc} (correspondence description)},
	url = {https://tei-c.org/release/doc/tei-p5-doc/fr/html/ref-correspDesc.html},
	titleaddon = {{TEI} Guidelines P5},
	author = {{TEI Consortium}},
	urldate = {2024-09-22},
	date = {2024},
	keywords = {edition},
	file = {Snapshot:C\:\\Users\\Pauline\\Zotero\\storage\\N45PFAJT\\ref-correspDesc.html:text/html},
}

@online{marsh_xmlid_2005,
	title = {xml:id Version 1.0 -W3C Recommendation},
	url = {https://www.w3.org/TR/xml-id/},
	titleaddon = {W3C},
	author = {Marsh, Jonathan and Veillard, Daniel and Walsh, Norman},
	urldate = {2024-09-15},
	date = {2005-09-09},
	keywords = {edition},
	file = {xml\:id Version 1.0:C\:\\Users\\Pauline\\Zotero\\storage\\N4WAN6AV\\xml-id.html:text/html},
}

@article{stalph_exploring_2021,
	title = {Exploring Data Visualisations: An Analytical Framework Based on Dimensional Components of Data Artefacts in Journalism},
	rights = {© 2021 The Author(s). Published by Informa {UK} Limited, trading as Taylor \& Francis Group},
	issn = {2167-0811},
	url = {https://www.tandfonline.com/doi/abs/10.1080/21670811.2021.1957965},
	shorttitle = {Exploring Data Visualisations},
	abstract = {This study introduces a synthesised framework for the analysis of data visualisations in the news. Through a close examination of seminal content analyses, their methodologies and findings, this ar...},
	journaltitle = {Digital Journalism},
	author = {Stalph, Florian and Heravi, Bahareh},
	urldate = {2024-09-05},
	date = {2021-08-24},
	note = {Publisher: Routledge},
	keywords = {dataviz},
	file = {Snapshot:C\:\\Users\\Pauline\\Zotero\\storage\\QBTBY2JY\\21670811.2021.html:text/html},
}

@article{nurra_pratique_2023,
	title = {De la pratique quotidienne à une charte institutionnelle : la démarche vers la science ouverte de l'{INHA}},
	url = {https://hal.science/hal-04204598},
	shorttitle = {De la pratique quotidienne à une charte institutionnelle},
	abstract = {L’Institut national d’histoire de l’art ({INHA}) est un établissement public à caractère scientifique, culturel et professionnel destiné à promouvoir la recherche scientifique en histoire de l’art. Depuis plusieurs années, l’{INHA} s’est engagé dans une démarche de mise à disposition et d’ouverture des données (codes sources, métadonnées, publications, images) issues des programmes de recherche de l’Institut et de ses partenaires, auprès de la communauté scientifique et, plus largement, de toute la société.},
	pages = {23--25},
	number = {144},
	journaltitle = {Culture et recherche},
	author = {Nurra, Federico},
	urldate = {2024-09-10},
	date = {2023-06},
	note = {Publisher: Paris : Ministère de la Culture et de la Communication},
	keywords = {inha},
	file = {HAL PDF Full Text:C\:\\Users\\Pauline\\Zotero\\storage\\GYWCH6S4\\Nurra - 2023 - De la pratique quotidienne à une charte institutionnelle  la démarche vers la science ouverte de l'.pdf:application/pdf},
}

@online{otto_popovers_nodate,
	title = {Popovers (v4)},
	url = {https://getbootstrap.com/docs/4.0/components/popovers/},
	abstract = {Documentation and examples for adding Bootstrap popovers, like those found in {iOS}, to any element on your site.},
	titleaddon = {Bootstrap - Documentation},
	author = {Otto, Mark and Thornton, Jacob and {Bootstrap}},
	urldate = {2024-09-01},
	langid = {english},
	keywords = {divers},
	file = {Snapshot:C\:\\Users\\Pauline\\Zotero\\storage\\AEBJ5MNQ\\popovers.html:text/html},
}

@online{noauthor_transformateurs_nodate,
	title = {Les transformateurs expliqués visuellement (partie 3): Attention multi-têtes, plongée en profondeur},
	url = {https://ichi.pro/fr/les-transformateurs-expliques-visuellement-partie-3-attention-multi-tetes-plongee-en-profondeur-30923513022547},
	shorttitle = {Les transformateurs expliqués visuellement (partie 3)},
	abstract = {Ceci est le troisième article de ma série sur les transformateurs. Nous couvrons ses fonctionnalités de manière descendante.},
	titleaddon = {{ICHI}.{PRO}},
	urldate = {2024-09-11},
	langid = {french},
	file = {Snapshot:C\:\\Users\\Pauline\\Zotero\\storage\\IBHKUQXJ\\les-transformateurs-expliques-visuellement-partie-3-attention-multi-tetes-plongee-en-profondeur.html:text/html},
}

@online{weinmeister_beyond_2024,
	title = {Beyond temperature: Tuning {LLM} output with top-k and top-p},
	url = {https://medium.com/google-cloud/beyond-temperature-tuning-llm-output-with-top-k-and-top-p-24c2de5c3b16},
	shorttitle = {Beyond temperature},
	abstract = {What are top-k and top-p?  What do they mean, how do they work, and how can they be tuned?},
	titleaddon = {Google Cloud - Community},
	author = {Weinmeister, Karl},
	urldate = {2024-09-05},
	date = {2024-07-31},
	langid = {english},
	file = {Snapshot:C\:\\Users\\Pauline\\Zotero\\storage\\D5LP5T2Q\\beyond-temperature-tuning-llm-output-with-top-k-and-top-p-24c2de5c3b16.html:text/html},
}

@online{brown_language_2020,
	title = {Language Models are Few-Shot Learners},
	url = {https://arxiv.org/abs/2005.14165v4},
	abstract = {Recent work has demonstrated substantial gains on many {NLP} tasks and benchmarks by pre-training on a large corpus of text followed by fine-tuning on a specific task. While typically task-agnostic in architecture, this method still requires task-specific fine-tuning datasets of thousands or tens of thousands of examples. By contrast, humans can generally perform a new language task from only a few examples or from simple instructions - something which current {NLP} systems still largely struggle to do. Here we show that scaling up language models greatly improves task-agnostic, few-shot performance, sometimes even reaching competitiveness with prior state-of-the-art fine-tuning approaches. Specifically, we train {GPT}-3, an autoregressive language model with 175 billion parameters, 10x more than any previous non-sparse language model, and test its performance in the few-shot setting. For all tasks, {GPT}-3 is applied without any gradient updates or fine-tuning, with tasks and few-shot demonstrations specified purely via text interaction with the model. {GPT}-3 achieves strong performance on many {NLP} datasets, including translation, question-answering, and cloze tasks, as well as several tasks that require on-the-fly reasoning or domain adaptation, such as unscrambling words, using a novel word in a sentence, or performing 3-digit arithmetic. At the same time, we also identify some datasets where {GPT}-3's few-shot learning still struggles, as well as some datasets where {GPT}-3 faces methodological issues related to training on large web corpora. Finally, we find that {GPT}-3 can generate samples of news articles which human evaluators have difficulty distinguishing from articles written by humans. We discuss broader societal impacts of this finding and of {GPT}-3 in general.},
	titleaddon = {{arXiv}.org},
	author = {Brown, Tom B. and Mann, Benjamin and Ryder, Nick and Subbiah, Melanie and Kaplan, Jared and Dhariwal, Prafulla and Neelakantan, Arvind and Shyam, Pranav and Sastry, Girish and Askell, Amanda and Agarwal, Sandhini and Herbert-Voss, Ariel and Krueger, Gretchen and Henighan, Tom and Child, Rewon and Ramesh, Aditya and Ziegler, Daniel M. and Wu, Jeffrey and Winter, Clemens and Hesse, Christopher and Chen, Mark and Sigler, Eric and Litwin, Mateusz and Gray, Scott and Chess, Benjamin and Clark, Jack and Berner, Christopher and {McCandlish}, Sam and Radford, Alec and Sutskever, Ilya and Amodei, Dario},
	urldate = {2024-09-23},
	date = {2020-05-28},
	langid = {english},
	keywords = {ia},
	file = {Full Text PDF:C\:\\Users\\Pauline\\Zotero\\storage\\7NAVC8GM\\Brown et al. - 2020 - Language Models are Few-Shot Learners.pdf:application/pdf},
}

@online{noauthor_odd_nodate,
	title = {{ODD}},
	url = {https://wiki.tei-c.org/index.php/ODD},
	titleaddon = {{TEIWiki}},
	urldate = {2024-09-20},
	file = {ODD - TEIWiki:C\:\\Users\\Pauline\\Zotero\\storage\\QKWRJ7RV\\ODD.html:text/html},
}

@online{ucl_centre_for_digital_humanities_digital_nodate,
	title = {Digital Editions Catalogue},
	url = {https://dig-ed-cat.acdh.oeaw.ac.at/},
	author = {{UCL Centre for Digital Humanities}},
	urldate = {2024-09-23},
	file = {Dig-Ed-Cat:C\:\\Users\\Pauline\\Zotero\\storage\\G6JQV32P\\dig-ed-cat.acdh.oeaw.ac.at.html:text/html},
}

@online{tei_consortium_tei_nodate,
	title = {{TEI} class att.typed},
	url = {https://tei-c.org/release/doc/tei-p5-doc/en/html/ref-att.typed.html},
	titleaddon = {{TEI} Guidelines P5},
	author = {{TEI Consortium}},
	urldate = {2024-09-15},
	file = {Snapshot:C\:\\Users\\Pauline\\Zotero\\storage\\R7U9C6H2\\ref-att.typed.html:text/html},
}

@incollection{anheim_administrer_2018,
	location = {Paris},
	title = {Administrer},
	rights = {https://www.openedition.org/12554},
	isbn = {979-10-351-0720-8},
	url = {https://books.openedition.org/psorbonne/93042},
	series = {Itinéraires},
	pages = {105--126},
	booktitle = {Le travail de l’histoire},
	publisher = {Éditions de la Sorbonne},
	author = {Anheim, Étienne},
	urldate = {2024-09-29},
	date = {2018},
	langid = {french},
	doi = {10.4000/books.psorbonne.93042},
	note = {Code: Le travail de l’histoire},
}

@online{clavert_gout_nodate,
	title = {Le goût de l'archive à l'ère numérique},
	url = {https://gout-numerique.net/},
	abstract = {En 1989, Arlette Farge publie Le goût de l’archive. Elle y décrit ce que tout·e historien·ne a pu vivre en centre d’archives : une relation très intime à nos sources primaires - relation indirecte aux…},
	author = {Clavert, Frédéric and Muller, Caroline},
	urldate = {2024-09-30},
	langid = {french},
	keywords = {divers},
	file = {Snapshot:C\:\\Users\\Pauline\\Zotero\\storage\\59WZKJRW\\gout-numerique.net.html:text/html},
}

@article{pincemin_textometrie_2020,
	title = {La textométrie en question},
	volume = {88},
	url = {https://shs.hal.science/halshs-02902088},
	abstract = {Si la textométrie procède essentiellement de comptages (purement quantitatifs) sur des mots (définis à travers leur matérialité graphique), alors n'accuse-t-elle pas d'évidentes limites du point de vue des finesses de la réalité linguistique ? Et, malgré sa mise en œuvre formelle et calculatoire, ne manque-t-elle pas de rigueur concernant l’évaluation des résultats obtenus, en l’absence de procédures comparatives chiffrées, à l’instar des pratiques en traitement automatique des langues ? Vis-à-vis de telles critiques de fond, l’objectif de cet article est d’apporter des éléments de compréhension du modèle textométrique permettant de dépasser un certain nombre de points perçus comme problématiques, et de proposer une conception de la textométrie compatible avec les exigences de la linguistique.},
	pages = {26},
	number = {1},
	journaltitle = {Le Français Moderne - Revue de linguistique Française},
	author = {Pincemin, Bénédicte},
	urldate = {2024-09-02},
	date = {2020},
	langid = {french},
	keywords = {ia},
	file = {Full Text PDF:C\:\\Users\\Pauline\\Zotero\\storage\\LLVC6GL4\\Pincemin - 2020 - La textométrie en question.pdf:application/pdf},
}

@book{leon_histoire_2015,
	location = {Lyon},
	title = {Histoire de l'automatisation des sciences du langage},
	rights = {https://www.openedition.org/12554},
	isbn = {978-2-84788-680-1},
	url = {https://books.openedition.org/enseditions/3733},
	series = {Langages},
	abstract = {The book, dedicated to the history of the mathematization-computerization of the language sciences, is in the area of the history and epistemology of the language sciences. It pertains to history of present time. Two steps can be distinguished : machine translation in the 1950s and large computerized corpora in the 1990s with the unprecedented development of computers. Early Machine Translation was devised as a war technology originating in war sciences, and was intended to provide mass translations for the strategic purposes of the cold war. Linguistics, which did not belong to war sciences, did not play any role at the beginning of Machine Translation. The book attempts to show, in a comparative approach, how the languages sciences have integrated that technology to engage in the process of the second mathematization of language which can be called the computational mathematization of language. This integration takes various forms in different cultural and linguistic traditions ({USA}, ex-{USSR}, Great Britain and France). On the opposite, large corpora are a continuation of familiar topics in the language sciences, including the study of spoken and written texts and lexis.,Cet ouvrage, consacré à l'histoire de l'automatisation-mathématisation des sciences du langage, se situe en histoire et épistémologie des sciences du langage. Il s'inscrit dans l’histoire du récent. Deux moments sont distingués : la traduction automatique dans les années 1950, et les études sur corpus informatisés dans les années 1990 avec le développement inédit des ordinateurs. La traduction automatique, issue des sciences de la guerre, a été conçue comme technologie de guerre froide aux États-Unis pour fournir des traductions en série des travaux soviétiques. Elle a été conçue en dehors de la linguistique. L’ouvrage s’attache à montrer, selon une approche comparative, comment les sciences du langage ont intégré cette technologie pour amorcer leur automatisation. Cette intégration revêt diverses formes selon les traditions culturelles et linguistiques des pays impliqués (États-Unis, ex-{URSS}, Grande-Bretagne et France). Les études sur corpus au contraire se situent dans la continuité de thématiques familières aux sciences du langage, notamment l’étude des textes, écrits et oraux, et du lexique.},
	pagetotal = {218},
	publisher = {{ENS} Éditions},
	author = {Léon, Jacqueline},
	urldate = {2024-09-01},
	date = {2015},
	langid = {french},
	note = {Code: Histoire de l'automatisation des sciences du langage
Publication Title: Histoire de l'automatisation des sciences du langage
Reporter: Histoire de l'automatisation des sciences du langage
Series Title: Langages},
	keywords = {ia},
}
